2356 3780
44 3500 79 3556 Ι

129 225 186 282 124
403 240 510 284 surm
529 242 756 284 comrrsmus

126 420 301 496 ambiguitas
319 420 437 480 inimica
456 422 602 499 surripiat
643 422 805 481 Edocemnr
822 441 875 499 per
894 423 1027 497 Evange-

126 515 201 574 lium
220 516 298 593 quod
317 515 421 592 Judas,
437 536 514 577 unus
533 519 569 577 de
589 518 689 578 amicis
708 522 739 578 et
757 518 886 577 convivis
906 518 1025 592 Christi,

126 610 280 672 tradiderit
299 613 384 672 Eum.
426 615 507 674 Audi
528 615 583 674 hoc
602 615 743 692 quomodo
763 614 976 690 praenuntietur
994 614 1027 673 in

127 707 267 766 Psalmis:
296 709 353 778 eci
368 711 550 784 manducauit,
566 709 672 787 inquit,
682 729 770 784 pareas
785 729 864 783 meos,
879 709 1027 785 ampliavit

126 803 268 863 marum
287 823 328 862 nse
347 805 606 880 saponariam.
648 805 688 864 Et
701 804 780 878 alibi,
796 806 902 879 Amici,
917 804 1024 882 inquit,

126 899 182 958 met
200 903 227 957 ct
241 900 371 975 proximi
389 901 445 959 ma
462 902 605 960 adversum
625 919 667 958 me
688 902 980 978 appropinquaverant
1000 905 1028 959 ct

126 997 268 1054 atatem.
310 995 351 1055 Et
371 995 486 1070 iterum,
508 996 619 1055 Molliti
634 1000 700 1054 aunt
719 1016 850 1055 semones
871 998 928 1072 q'ua
945 1015 1028 1070 sctpcr

126 1087 222 1163 chum,
238 1094 265 1148 ct
278 1090 337 1166 ipsi
348 1097 430 1150 nunt
437 1091 546 1168 jacula.
587 1091 640 1150 Vis
653 1091 753 1149 audire
766 1091 908 1168 quomodo
921 1089 1027 1150 molliti

126 1182 215 1244 sunt?
263 1185 351 1260 Venit,
370 1185 476 1264 inquit,
494 1187 584 1245 Judas
599 1186 637 1244 ad
650 1186 754 1259 losum,
769 1190 796 1244 ct
814 1186 889 1244 dicit
900 1186 951 1256 Et,
965 1187 1027 1244 Aac

125 1279 227 1353 Balbi,
250 1285 278 1339 ct
303 1281 438 1341 orechter
461 1273 509 1341 est
525 1283 608 1342 Eam.
649 1282 706 1341 Per
728 1282 815 1341 molle
842 1301 909 1357 ergo
936 1281 1027 1341 osculi

125 1377 357 1437 blandimentum
380 1379 542 1438 execrabile
564 1379 697 1457 jaculum
722 1379 893 1455 proditionis
915 1379 1024 1439 infixit.

125 1472 212 1533 Unde
233 1474 374 1533 Dominus
395 1476 432 1534 ad
452 1495 520 1535 eum
540 1475 626 1549 dixit,
649 1476 735 1548 luda,
759 1475 845 1533 osculi
858 1474 957 1551 fllium
979 1476 1026 1535 bo·

125 1570 211 1628 micis
225 1570 339 1629 badia?
359 1569 492 1645 Triginta
500 1570 644 1646 argenteis
653 1570 736 1628 audis
746 1570 821 1628 Eum
832 1569 1027 1646 appretiatum

125 1682 187 1723 esse
201 1663 360 1740 cupiditate
373 1665 535 1740 proditoris.
570 1665 651 1724 Audi
664 1670 694 1724 et
707 1665 744 1724 de
756 1666 811 1724 hoc
823 1665 1027 1741 Propheticam

125 1778 243 1819 vocem:
265 1759 309 1819 Et
328 1761 400 1833 dict,
421 1759 528 1838 inquit,
550 1761 588 1819 ad
606 1781 657 1835 eos,
679 1761 717 1822 Si
736 1760 833 1819 bocum
852 1766 892 1820 est
915 1762 946 1819 ic
965 1781 1027 1819 coc·

124 1860 218 1930 speetu
230 1861 326 1929 cebro,
341 1857 404 1915 dcte
423 1858 567 1916 mercedem
586 1877 673 1915 meum
685 1861 735 1916 out
749 1856 869 1915 abnuite.
911 1856 951 1914 Et
962 1859 1028 1932 post

124 1950 206 2010 haec:
227 1952 341 2027 Accepi,
365 1952 472 2029 inquit,
488 1954 610 2029 triginta
630 1958 778 2029 argenteos,
799 1957 827 2010 ct
849 1953 916 2010 mt'ac'
931 1958 978 2010 'coa
996 1953 1028 2010 in

124 2047 232 2107 mmo
251 2049 369 2107 Barcini
390 2051 422 2108 in
444 2050 641 2126 conflatorium.
682 2049 786 2108 Nonne
807 2048 861 2107 hoc
882 2052 926 2108 est
949 2050 1028 2126 quod

123 2141 156 2201 in
169 2143 336 2218 Evangeliis
356 2143 499 2218 scribitur,
516 2144 585 2222 quia
603 2145 703 2218 Judes,
719 2143 891 2220 prenitentia
910 2144 1024 2218 ductus,
1096 2160 1105 2173 ²

122 2238 281 2316 reportavit
294 2240 456 2317 pecuniam,
472 2247 502 2300 et
521 2240 644 2318 projecit
663 2260 727 2299 eam
746 2240 779 2298 in
791 2239 908 2318 templo,
925 2243 955 2299 et
968 2239 1026 2298 dis-

122 2334 228 2395 cessit?
270 2336 350 2395 Benc
369 2341 467 2396 autem
487 2337 647 2395 mercedem
667 2356 748 2394 suam
768 2335 854 2409 dixit,
870 2335 953 2395 velut
971 2336 1026 2394 im-

122 2432 253 2507 putantis
274 2435 305 2491 et
328 2432 529 2509 exprobrantis
549 2431 665 2491 affectu.
708 2431 827 2492 Etenim
848 2435 910 2490 tam
933 2431 1027 2490 multa

122 2528 198 2586 bona
219 2548 306 2605 opera
326 2529 405 2605 apud
425 2548 473 2587 cos
496 2531 613 2602 egerat:
640 2527 736 2586 Caecos
757 2545 857 2585 eorum
877 2525 1026 2584 illumina·

123 2630 214 2698 verat,
231 2624 341 2684 claudis
360 2624 456 2701 pedes,
471 2622 640 2700 paralyticis
660 2642 797 2697 gressum,
813 2622 935 2682 mortuis
955 2641 1026 2698 quo-

124 2740 181 2798 que
202 2720 367 2780 reddiderat
386 2720 486 2779 vitam.
528 2720 585 2778 Pro
605 2718 652 2777 his
674 2719 767 2794 igitur
788 2718 921 2776 omnibus
943 2717 1027 2776 bonis

124 2817 285 2876 mercedem
304 2815 465 2876 restituunt
480 2815 518 2874 Ei
537 2818 668 2888 mortem,
684 2814 805 2889 triginta
824 2817 1027 2889 argenteorum

125 2913 314 2974 aesfimatione
337 2916 496 2990 pensatam.
538 2911 676 2970 Refertur
698 2911 769 2969 item
792 2910 825 2968 in
848 2908 1025 2984 Evangeliis,

125 3009 203 3087 quod
229 3008 345 3068 vinctus
371 3012 424 3067 cst.
470 3007 613 3066 Praedixit
638 3008 693 3065 hoc
720 3025 811 3064 sermo
838 3003 1028 3081 Propheticus

124 3121 177 3180 per
196 3104 319 3178 Esaiam,
340 3103 446 3177 dicens,
470 3103 514 3162 Va
534 3104 632 3162 aalma
652 3122 752 3175 omum,
774 3102 824 3179 qui
840 3102 1028 3177 cogitauerunt

125 3200 315 3277 ospitationcm
333 3201 483 3276 pessimam
505 3201 646 3260 mersum
666 3199 777 3273 sepsos,
798 3199 924 3271 dicentes,
947 3195 1028 3256 Alli·

121 3297 340 3374 pemmybcttm,
356 3297 425 3374 qaia
438 3296 551 3356 inutilis
564 3300 604 3353 cat
616 3294 701 3353 cobis.

152 3395 205 3450 21,
227 3392 290 3453 Sed
309 3391 384 3454 dicit
403 3391 520 3472 aliquis,
536 3390 680 3470 Nunquid
698 3385 816 3449 haec'de
836 3388 960 3449 Domino
980 3387 1025 3447 in·
