<?xml version="1.0" encoding="UTF-8"?>
<!DOCTYPE html PUBLIC "-//W3C//DTD XHTML 1.0 Transitional//EN"
    "http://www.w3.org/TR/xhtml1/DTD/xhtml1-transitional.dtd">
<html xmlns="http://www.w3.org/1999/xhtml" xml:lang="en" lang="en">
 <head>
  <title>
</title>
<meta http-equiv="Content-Type" content="text/html;charset=utf-8" />
  <meta name='ocr-system' content='tesseract 3.04.00' />
  <meta name='ocr-capabilities' content='ocr_page ocr_carea ocr_par ocr_line ocrx_word'/>
</head>
<body>
  <div class='ocr_page' id='page_1' title='image "./defideetsymbolo00heurgoog_0128.png"; bbox 0 0 2356 3780; ppageno 0'>
   <div class='ocr_carea' id='block_1_1' title="bbox 355 255 1021 312">
    <p class='ocr_par' dir='ltr' id='par_1_1' title="bbox 355 255 1021 312">
     <span class='ocr_line' id='line_1_1' title="bbox 355 255 1021 312; baseline 0 0"><span class='ocrx_word' id='word_1_1' title='bbox 355 271 390 312; x_wconf 80' lang='lat' dir='ltr'>no</span> <span class='ocrx_word' id='word_1_2' title='bbox 409 271 564 312; x_wconf 79' lang='lat' dir='ltr'>srusouou</span> <span class='ocrx_word' id='word_1_3' title='bbox 583 271 791 312; x_wconf 76' lang='lat' dir='ltr'>mosroaoauu.</span> <span class='ocrx_word' id='word_1_4' title='bbox 963 255 1021 312; x_wconf 83' lang='lat'>115</span> 
     </span>
    </p>
   </div>
   <div class='ocr_carea' id='block_1_2' title="bbox 116 447 1096 3021">
    <p class='ocr_par' dir='ltr' id='par_1_2' title="bbox 116 447 1096 3021">
     <span class='ocr_line' id='line_1_2' title="bbox 123 447 1024 528; baseline 0.003 -23"><span class='ocrx_word' id='word_1_5' title='bbox 123 447 247 507; x_wconf 90' lang='lat' dir='ltr'>audiunt</span> <span class='ocrx_word' id='word_1_6' title='bbox 268 449 418 525; x_wconf 75' lang='lat' dir='ltr'>praedicari</span> <span class='ocrx_word' id='word_1_7' title='bbox 441 470 458 508; x_wconf 89' lang='lat' dir='ltr'>a</span> <span class='ocrx_word' id='word_1_8' title='bbox 483 449 565 509; x_wconf 92' lang='lat' dir='ltr'>nobis</span> <span class='ocrx_word' id='word_1_9' title='bbox 588 449 720 525; x_wconf 82' lang='lat' dir='ltr'>Virginis</span> <span class='ocrx_word' id='word_1_10' title='bbox 742 448 877 528; x_wconf 88' lang='lat' dir='ltr'>partum:</span> <span class='ocrx_word' id='word_1_11' title='bbox 906 453 1024 528; x_wconf 89' lang='lat' dir='ltr'>propter</span> 
     </span>
     <span class='ocr_line' id='line_1_3' title="bbox 123 544 1019 623; baseline 0.004 -22"><span class='ocrx_word' id='word_1_12' title='bbox 123 544 312 621; x_wconf 88' lang='lat' dir='ltr'>quodpaucis</span> <span class='ocrx_word' id='word_1_13' title='bbox 332 565 430 604; x_wconf 90' lang='lat' dir='ltr'>eorum</span> <span class='ocrx_word' id='word_1_14' title='bbox 450 545 704 606; x_wconf 56' lang='lat' dir='ltr'>obtrectationibus</span> <span class='ocrx_word' id='word_1_15' title='bbox 723 547 953 623; x_wconf 89' lang='lat' dir='ltr'>respondendum</span> <span class='ocrx_word' id='word_1_16' title='bbox 966 550 1019 606; x_wconf 86' lang='lat' dir='ltr'>est.</span> 
     </span>
     <span class='ocr_line' id='line_1_4' title="bbox 123 638 1022 718; baseline 0.007 -22"><span class='ocrx_word' id='word_1_17' title='bbox 123 638 223 697; x_wconf 91' lang='lat' dir='ltr'>Omnis</span> <span class='ocrx_word' id='word_1_18' title='bbox 241 645 343 717; x_wconf 83' lang='lat' dir='ltr'>partus</span> <span class='ocrx_word' id='word_1_19' title='bbox 362 661 400 700; x_wconf 85' lang='lat' dir='ltr'>ex</span> <span class='ocrx_word' id='word_1_20' title='bbox 419 641 522 715; x_wconf 91' lang='lat' dir='ltr'>tribus,</span> <span class='ocrx_word' id='word_1_21' title='bbox 538 645 574 700; x_wconf 92' lang='lat' dir='ltr'>ut</span> <span class='ocrx_word' id='word_1_22' title='bbox 593 641 702 718; x_wconf 88' lang='lat' dir='ltr'>opinor,</span> <span class='ocrx_word' id='word_1_23' title='bbox 718 646 847 701; x_wconf 88' lang='lat' dir='ltr'>constat:</span> <span class='ocrx_word' id='word_1_24' title='bbox 871 642 896 700; x_wconf 91' lang='lat' dir='ltr'>si</span> <span class='ocrx_word' id='word_1_25' title='bbox 914 642 1022 702; x_wconf 76' lang='lat' dir='ltr'>adultas</span> 
     </span>
     <span class='ocr_line' id='line_1_5' title="bbox 122 736 1023 811; baseline 0.001 -17"><span class='ocrx_word' id='word_1_26' title='bbox 122 736 217 795; x_wconf 82' lang='lat' dir='ltr'>oetatis</span> <span class='ocrx_word' id='word_1_27' title='bbox 230 737 270 796; x_wconf 92' lang='lat' dir='ltr'>sit</span> <span class='ocrx_word' id='word_1_28' title='bbox 282 737 409 811; x_wconf 85' lang='lat' dir='ltr'>foemina,</span> <span class='ocrx_word' id='word_1_29' title='bbox 426 737 451 795; x_wconf 90' lang='lat' dir='ltr'>si</span> <span class='ocrx_word' id='word_1_30' title='bbox 464 737 560 795; x_wconf 89' lang='lat' dir='ltr'>virum</span> <span class='ocrx_word' id='word_1_31' title='bbox 573 737 665 810; x_wconf 87' lang='lat' dir='ltr'>adeat,</span> <span class='ocrx_word' id='word_1_32' title='bbox 682 736 777 796; x_wconf 89' lang='lat' dir='ltr'>sinon</span> <span class='ocrx_word' id='word_1_33' title='bbox 791 738 829 797; x_wconf 91' lang='lat' dir='ltr'>sit</span> <span class='ocrx_word' id='word_1_34' title='bbox 841 737 922 796; x_wconf 93' lang='lat' dir='ltr'>illius</span> <span class='ocrx_word' id='word_1_35' title='bbox 934 737 1023 796; x_wconf 85' lang='lat' dir='ltr'>vulva</span> 
     </span>
     <span class='ocr_line' id='line_1_6' title="bbox 121 831 1023 909; baseline 0.002 -19"><span class='ocrx_word' id='word_1_36' title='bbox 121 831 194 891; x_wconf 84' lang='lat' dir='ltr'>vitio</span> <span class='ocrx_word' id='word_1_37' title='bbox 215 832 376 892; x_wconf 83' lang='lat' dir='ltr'>sterilitatis</span> <span class='ocrx_word' id='word_1_38' title='bbox 397 833 519 894; x_wconf 88' lang='lat' dir='ltr'>occlusa.</span> <span class='ocrx_word' id='word_1_39' title='bbox 558 835 606 891; x_wconf 85' lang='lat' dir='ltr'>Ex</span> <span class='ocrx_word' id='word_1_40' title='bbox 623 832 670 891; x_wconf 91' lang='lat' dir='ltr'>his</span> <span class='ocrx_word' id='word_1_41' title='bbox 688 833 789 906; x_wconf 88' lang='lat' dir='ltr'>tribus,</span> <span class='ocrx_word' id='word_1_42' title='bbox 809 832 840 891; x_wconf 89' lang='lat' dir='ltr'>in</span> <span class='ocrx_word' id='word_1_43' title='bbox 862 834 917 891; x_wconf 91' lang='lat' dir='ltr'>hoc</span> <span class='ocrx_word' id='word_1_44' title='bbox 935 836 1023 909; x_wconf 82' lang='lat' dir='ltr'>partu</span> 
     </span>
     <span class='ocr_line' id='line_1_7' title="bbox 122 928 1022 1004; baseline 0.003 -20"><span class='ocrx_word' id='word_1_45' title='bbox 122 945 208 1003; x_wconf 88' lang='lat' dir='ltr'>quem</span> <span class='ocrx_word' id='word_1_46' title='bbox 226 928 425 1004; x_wconf 85' lang='lat' dir='ltr'>praedicamus‚</span> <span class='ocrx_word' id='word_1_47' title='bbox 438 948 530 987; x_wconf 93' lang='lat' dir='ltr'>unum</span> <span class='ocrx_word' id='word_1_48' title='bbox 548 928 650 1002; x_wconf 82' lang='lat' dir='ltr'>defuit,</span> <span class='ocrx_word' id='word_1_49' title='bbox 665 928 712 986; x_wconf 80' lang='lat' dir='ltr'>vir</span> <span class='ocrx_word' id='word_1_50' title='bbox 730 928 847 988; x_wconf 86' lang='lat' dir='ltr'>scilicet.</span> <span class='ocrx_word' id='word_1_51' title='bbox 890 929 930 987; x_wconf 87' lang='lat' dir='ltr'>Et</span> <span class='ocrx_word' id='word_1_52' title='bbox 948 928 1022 987; x_wconf 90' lang='lat' dir='ltr'>hanc</span> 
     </span>
     <span class='ocr_line' id='line_1_8' title="bbox 120 1024 1020 1101; baseline 0 -21"><span class='ocrx_word' id='word_1_53' title='bbox 120 1030 232 1098; x_wconf 88' lang='lat' dir='ltr'>partem</span> <span class='ocrx_word' id='word_1_54' title='bbox 251 1024 334 1101; x_wconf 92' lang='lat' dir='ltr'>(quia</span> <span class='ocrx_word' id='word_1_55' title='bbox 353 1024 404 1101; x_wconf 91' lang='lat' dir='ltr'>qui</span> <span class='ocrx_word' id='word_1_56' title='bbox 423 1025 594 1083; x_wconf 87' lang='lat' dir='ltr'>nascebatur</span> <span class='ocrx_word' id='word_1_57' title='bbox 614 1043 671 1082; x_wconf 93' lang='lat' dir='ltr'>non</span> <span class='ocrx_word' id='word_1_58' title='bbox 693 1027 756 1082; x_wconf 89' lang='lat' dir='ltr'>erat</span> <span class='ocrx_word' id='word_1_59' title='bbox 774 1027 906 1082; x_wconf 89' lang='lat' dir='ltr'>terrenus</span> <span class='ocrx_word' id='word_1_60' title='bbox 926 1024 1020 1096; x_wconf 91' lang='lat' dir='ltr'>homo,</span> 
     </span>
     <span class='ocr_line' id='line_1_9' title="bbox 121 1116 1022 1195; baseline -0.001 -20"><span class='ocrx_word' id='word_1_61' title='bbox 121 1116 171 1175; x_wconf 89' lang='lat' dir='ltr'>sed</span> <span class='ocrx_word' id='word_1_62' title='bbox 187 1118 323 1195; x_wconf 77' lang='lat' dir='ltr'>coelestis)</span> <span class='ocrx_word' id='word_1_63' title='bbox 337 1137 390 1195; x_wconf 91' lang='lat' dir='ltr'>per</span> <span class='ocrx_word' id='word_1_64' title='bbox 404 1118 544 1194; x_wconf 83' lang='lat' dir='ltr'>Spiritum</span> <span class='ocrx_word' id='word_1_65' title='bbox 558 1119 704 1177; x_wconf 81' lang='lat' dir='ltr'>coelestem</span> <span class='ocrx_word' id='word_1_66' title='bbox 717 1117 847 1190; x_wconf 83' lang='lat' dir='ltr'>dicimus,</span> <span class='ocrx_word' id='word_1_67' title='bbox 864 1118 943 1175; x_wconf 82' lang='lat' dir='ltr'>saiva</span> <span class='ocrx_word' id='word_1_68' title='bbox 955 1117 1022 1176; x_wconf 86' lang='lat' dir='ltr'>Vir-</span> 
     </span>
     <span class='ocr_line' id='line_1_10' title="bbox 121 1211 1023 1291; baseline 0.002 -21"><span class='ocrx_word' id='word_1_69' title='bbox 121 1211 197 1286; x_wconf 84' lang='lat' dir='ltr'>ginis</span> <span class='ocrx_word' id='word_1_70' title='bbox 210 1213 432 1291; x_wconf 86' lang='lat' dir='ltr'>incorruptione‚</span> <span class='ocrx_word' id='word_1_71' title='bbox 448 1214 628 1291; x_wconf 85' lang='lat' dir='ltr'>completam.</span> <span class='ocrx_word' id='word_1_72' title='bbox 671 1213 710 1272; x_wconf 85' lang='lat' dir='ltr'>Et</span> <span class='ocrx_word' id='word_1_73' title='bbox 722 1217 820 1272; x_wconf 83' lang='lat' dir='ltr'>tamen</span> <span class='ocrx_word' id='word_1_74' title='bbox 833 1213 904 1290; x_wconf 91' lang='lat' dir='ltr'>quid</span> <span class='ocrx_word' id='word_1_75' title='bbox 916 1213 1023 1272; x_wconf 90' lang='lat' dir='ltr'>mirum</span> 
     </span>
     <span class='ocr_line' id='line_1_11' title="bbox 121 1303 1023 1385; baseline 0.003 -24"><span class='ocrx_word' id='word_1_76' title='bbox 121 1303 237 1365; x_wconf 83' lang='lat' dir='ltr'>videtur</span> <span class='ocrx_word' id='word_1_77' title='bbox 258 1307 283 1366; x_wconf 93' lang='lat' dir='ltr'>si</span> <span class='ocrx_word' id='word_1_78' title='bbox 299 1309 381 1384; x_wconf 74' lang='lat' dir='ltr'>virgo</span> <span class='ocrx_word' id='word_1_79' title='bbox 399 1310 568 1385; x_wconf 80' lang='lat' dir='ltr'>conceperit,</span> <span class='ocrx_word' id='word_1_80' title='bbox 589 1328 655 1367; x_wconf 92' lang='lat' dir='ltr'>cum</span> <span class='ocrx_word' id='word_1_81' title='bbox 678 1307 804 1366; x_wconf 86' lang='lat' dir='ltr'>Orientis</span> <span class='ocrx_word' id='word_1_82' title='bbox 823 1327 914 1379; x_wconf 83' lang='lat' dir='ltr'>avem,</span> <span class='ocrx_word' id='word_1_83' title='bbox 936 1327 1023 1384; x_wconf 92' lang='lat' dir='ltr'>quam</span> 
     </span>
     <span class='ocr_line' id='line_1_12' title="bbox 120 1398 1023 1480; baseline 0.004 -22"><span class='ocrx_word' id='word_1_84' title='bbox 120 1399 287 1461; x_wconf 85' lang='lat' dir='ltr'>Phoenicem</span> <span class='ocrx_word' id='word_1_85' title='bbox 308 1398 421 1479; x_wconf 68' lang='lat' dir='ltr'>cocant,</span> <span class='ocrx_word' id='word_1_86' title='bbox 445 1405 477 1463; x_wconf 90' lang='lat' dir='ltr'>in</span> <span class='ocrx_word' id='word_1_87' title='bbox 502 1409 618 1464; x_wconf 89' lang='lat' dir='ltr'>tantum</span> <span class='ocrx_word' id='word_1_88' title='bbox 642 1403 703 1462; x_wconf 89' lang='lat' dir='ltr'>sine</span> <span class='ocrx_word' id='word_1_89' title='bbox 730 1403 852 1480; x_wconf 83' lang='lat' dir='ltr'>conjuge</span> <span class='ocrx_word' id='word_1_90' title='bbox 874 1402 954 1461; x_wconf 90' lang='lat' dir='ltr'>nasci</span> <span class='ocrx_word' id='word_1_91' title='bbox 975 1402 1023 1462; x_wconf 90' lang='lat' dir='ltr'>vel</span> 
     </span>
     <span class='ocr_line' id='line_1_13' title="bbox 119 1496 1021 1577; baseline 0.001 -23"><span class='ocrx_word' id='word_1_92' title='bbox 119 1497 230 1556; x_wconf 86' lang='lat' dir='ltr'>renasci</span> <span class='ocrx_word' id='word_1_93' title='bbox 249 1503 420 1573; x_wconf 66' lang='lat' dir='ltr'>constabat</span> <span class='ocrx_word' id='word_1_94' title='bbox 440 1519 551 1577; x_wconf 85' lang='lat' dir='ltr'>semper</span> <span class='ocrx_word' id='word_1_95' title='bbox 568 1519 627 1557; x_wconf 91' lang='lat' dir='ltr'>una</span> <span class='ocrx_word' id='word_1_96' title='bbox 647 1498 694 1572; x_wconf 93' lang='lat' dir='ltr'>sit,</span> <span class='ocrx_word' id='word_1_97' title='bbox 708 1502 738 1558; x_wconf 93' lang='lat' dir='ltr'>et</span> <span class='ocrx_word' id='word_1_98' title='bbox 758 1517 869 1574; x_wconf 89' lang='lat' dir='ltr'>semper</span> <span class='ocrx_word' id='word_1_99' title='bbox 889 1497 944 1556; x_wconf 91' lang='lat' dir='ltr'>sibi</span> <span class='ocrx_word' id='word_1_100' title='bbox 963 1496 1021 1574; x_wconf 92' lang='lat' dir='ltr'>ipsi</span> 
     </span>
     <span class='ocr_line' id='line_1_14' title="bbox 119 1593 1019 1669; baseline 0 -17"><span class='ocrx_word' id='word_1_101' title='bbox 119 1595 260 1652; x_wconf 90' lang='lat' dir='ltr'>nascendo</span> <span class='ocrx_word' id='word_1_102' title='bbox 274 1595 321 1653; x_wconf 79' lang='lat' dir='ltr'>vel</span> <span class='ocrx_word' id='word_1_103' title='bbox 339 1596 512 1654; x_wconf 88' lang='lat' dir='ltr'>renascendo</span> <span class='ocrx_word' id='word_1_104' title='bbox 532 1593 685 1654; x_wconf 86' lang='lat' dir='ltr'>succedat?</span> <span class='ocrx_word' id='word_1_105' title='bbox 721 1594 801 1669; x_wconf 89' lang='lat' dir='ltr'>Apes</span> <span class='ocrx_word' id='word_1_106' title='bbox 814 1597 890 1653; x_wconf 91' lang='lat' dir='ltr'>certe</span> <span class='ocrx_word' id='word_1_107' title='bbox 910 1593 1019 1653; x_wconf 84' lang='lat' dir='ltr'>nescire</span> 
     </span>
     <span class='ocr_line' id='line_1_15' title="bbox 120 1689 1017 1768; baseline 0.002 -20"><span class='ocrx_word' id='word_1_108' title='bbox 120 1690 262 1768; x_wconf 83' lang='lat' dir='ltr'>conjugia,</span> <span class='ocrx_word' id='word_1_109' title='bbox 278 1710 330 1749; x_wconf 88' lang='lat' dir='ltr'>nso</span> <span class='ocrx_word' id='word_1_110' title='bbox 348 1692 438 1751; x_wconf 83' lang='lat' dir='ltr'>foetus</span> <span class='ocrx_word' id='word_1_111' title='bbox 457 1691 576 1750; x_wconf 88' lang='lat' dir='ltr'>nixibus</span> <span class='ocrx_word' id='word_1_112' title='bbox 596 1691 687 1761; x_wconf 85' lang='lat' dir='ltr'>edere,</span> <span class='ocrx_word' id='word_1_113' title='bbox 704 1689 837 1748; x_wconf 89' lang='lat' dir='ltr'>omnibus</span> <span class='ocrx_word' id='word_1_114' title='bbox 855 1690 952 1766; x_wconf 90' lang='lat' dir='ltr'>palam</span> <span class='ocrx_word' id='word_1_115' title='bbox 965 1696 1017 1750; x_wconf 87' lang='lat' dir='ltr'>est</span> 
     </span>
     <span class='ocr_line' id='line_1_16' title="bbox 120 1785 1021 1863; baseline 0.001 -19"><span class='ocrx_word' id='word_1_116' title='bbox 120 1786 177 1844; x_wconf 85' lang='lat' dir='ltr'>Sed</span> <span class='ocrx_word' id='word_1_117' title='bbox 200 1789 230 1845; x_wconf 87' lang='lat' dir='ltr'>et</span> <span class='ocrx_word' id='word_1_118' title='bbox 253 1786 310 1845; x_wconf 90' lang='lat' dir='ltr'>alia</span> <span class='ocrx_word' id='word_1_119' title='bbox 332 1786 473 1845; x_wconf 89' lang='lat' dir='ltr'>nonnulla</span> <span class='ocrx_word' id='word_1_120' title='bbox 496 1786 752 1863; x_wconf 87' lang='lat' dir='ltr'>deprehenduntur</span> <span class='ocrx_word' id='word_1_121' title='bbox 775 1786 827 1843; x_wconf 91' lang='lat' dir='ltr'>sub</span> <span class='ocrx_word' id='word_1_122' title='bbox 854 1785 1021 1863; x_wconf 90' lang='lat' dir='ltr'>hujusmodi</span> 
     </span>
     <span class='ocr_line' id='line_1_17' title="bbox 118 1880 1021 1958; baseline 0.001 -18"><span class='ocrx_word' id='word_1_123' title='bbox 118 1885 194 1942; x_wconf 84' lang='lat' dir='ltr'>sorta</span> <span class='ocrx_word' id='word_1_124' title='bbox 211 1882 355 1941; x_wconf 88' lang='lat' dir='ltr'>nascendi.</span> <span class='ocrx_word' id='word_1_125' title='bbox 396 1883 460 1941; x_wconf 92' lang='lat' dir='ltr'>Hoc</span> <span class='ocrx_word' id='word_1_126' title='bbox 480 1902 547 1958; x_wconf 82' lang='lat' dir='ltr'>ergo</span> <span class='ocrx_word' id='word_1_127' title='bbox 567 1881 735 1940; x_wconf 89' lang='lat' dir='ltr'>incredibile</span> <span class='ocrx_word' id='word_1_128' title='bbox 749 1880 904 1956; x_wconf 84' lang='lat' dir='ltr'>videbitur,</span> <span class='ocrx_word' id='word_1_129' title='bbox 921 1881 1021 1941; x_wconf 88' lang='lat' dir='ltr'>divina</span> 
     </span>
     <span class='ocr_line' id='line_1_18' title="bbox 119 1976 1021 2056; baseline 0.001 -21"><span class='ocrx_word' id='word_1_130' title='bbox 119 1977 237 2051; x_wconf 84' lang='lat' dir='ltr'>virtute,</span> <span class='ocrx_word' id='word_1_131' title='bbox 252 1979 288 2036; x_wconf 91' lang='lat' dir='ltr'>ad</span> <span class='ocrx_word' id='word_1_132' title='bbox 300 1978 391 2038; x_wconf 88' lang='lat' dir='ltr'>totius</span> <span class='ocrx_word' id='word_1_133' title='bbox 403 1978 505 2036; x_wconf 90' lang='lat' dir='ltr'>mundi</span> <span class='ocrx_word' id='word_1_134' title='bbox 518 1976 790 2052; x_wconf 82' lang='lat' dir='ltr'>redintegrationem</span> <span class='ocrx_word' id='word_1_135' title='bbox 802 1977 921 2051; x_wconf 85' lang='lat' dir='ltr'>factum,</span> <span class='ocrx_word' id='word_1_136' title='bbox 938 1979 1021 2056; x_wconf 90' lang='lat' dir='ltr'>cujus</span> 
     </span>
     <span class='ocr_line' id='line_1_19' title="bbox 124 2072 1021 2150; baseline 0.003 -20"><span class='ocrx_word' id='word_1_137' title='bbox 124 2074 258 2150; x_wconf 89' lang='lat' dir='ltr'>exempla</span> <span class='ocrx_word' id='word_1_138' title='bbox 271 2074 359 2133; x_wconf 90' lang='lat' dir='ltr'>etiam</span> <span class='ocrx_word' id='word_1_139' title='bbox 372 2073 403 2131; x_wconf 93' lang='lat' dir='ltr'>in</span> <span class='ocrx_word' id='word_1_140' title='bbox 417 2073 586 2131; x_wconf 87' lang='lat' dir='ltr'>animalium</span> <span class='ocrx_word' id='word_1_141' title='bbox 598 2072 751 2133; x_wconf 85' lang='lat' dir='ltr'>nativitate</span> <span class='ocrx_word' id='word_1_142' title='bbox 765 2073 945 2134; x_wconf 85' lang='lat' dir='ltr'>comuntur?</span> <span class='ocrx_word' id='word_1_143' title='bbox 982 2074 1021 2133; x_wconf 85' lang='lat' dir='ltr'>Et</span> 
     </span>
     <span class='ocr_line' id='line_1_20' title="bbox 119 2167 1021 2245; baseline -0.001 -17"><span class='ocrx_word' id='word_1_144' title='bbox 119 2173 216 2228; x_wconf 91' lang='lat' dir='ltr'>tamen</span> <span class='ocrx_word' id='word_1_145' title='bbox 229 2169 392 2227; x_wconf 89' lang='lat' dir='ltr'>mirandum</span> <span class='ocrx_word' id='word_1_146' title='bbox 411 2173 456 2228; x_wconf 89' lang='lat' dir='ltr'>est</span> <span class='ocrx_word' id='word_1_147' title='bbox 474 2188 526 2226; x_wconf 90' lang='lat' dir='ltr'>cur</span> <span class='ocrx_word' id='word_1_148' title='bbox 538 2170 592 2226; x_wconf 92' lang='lat' dir='ltr'>hoo</span> <span class='ocrx_word' id='word_1_149' title='bbox 613 2168 769 2244; x_wconf 83' lang='lat' dir='ltr'>gentilibus</span> <span class='ocrx_word' id='word_1_150' title='bbox 788 2167 963 2245; x_wconf 89' lang='lat' dir='ltr'>impossibile</span> <span class='ocrx_word' id='word_1_151' title='bbox 976 2170 1021 2229; x_wconf 87' lang='lat' dir='ltr'>vi·</span> 
     </span>
     <span class='ocr_line' id='line_1_21' title="bbox 118 2262 1021 2340; baseline -0.001 -19"><span class='ocrx_word' id='word_1_152' title='bbox 118 2264 229 2337; x_wconf 90' lang='lat' dir='ltr'>deatur,</span> <span class='ocrx_word' id='word_1_153' title='bbox 250 2263 301 2340; x_wconf 91' lang='lat' dir='ltr'>qui</span> <span class='ocrx_word' id='word_1_154' title='bbox 321 2265 443 2322; x_wconf 90' lang='lat' dir='ltr'>credunt</span> <span class='ocrx_word' id='word_1_155' title='bbox 463 2263 625 2321; x_wconf 87' lang='lat' dir='ltr'>Minervam</span> <span class='ocrx_word' id='word_1_156' title='bbox 649 2282 730 2320; x_wconf 90' lang='lat' dir='ltr'>suam</span> <span class='ocrx_word' id='word_1_157' title='bbox 746 2263 781 2320; x_wconf 90' lang='lat' dir='ltr'>de</span> <span class='ocrx_word' id='word_1_158' title='bbox 805 2263 919 2320; x_wconf 91' lang='lat' dir='ltr'>cerebro</span> <span class='ocrx_word' id='word_1_159' title='bbox 939 2262 1021 2322; x_wconf 83' lang='lat' dir='ltr'>Jovis</span> 
     </span>
     <span class='ocr_line' id='line_1_22' title="bbox 117 2348 1020 2433; baseline 0 -17"><span class='ocrx_word' id='word_1_160' title='bbox 117 2361 224 2418; x_wconf 87' lang='lat' dir='ltr'>natam.</span> <span class='ocrx_word' id='word_1_161' title='bbox 265 2357 343 2423; x_wconf 82' lang='lat' dir='ltr'>Quid</span> <span class='ocrx_word' id='word_1_162' title='bbox 356 2358 393 2416; x_wconf 90' lang='lat' dir='ltr'>ad</span> <span class='ocrx_word' id='word_1_163' title='bbox 406 2348 579 2416; x_wconf 82' lang='lat' dir='ltr'>credendum</span> <span class='ocrx_word' id='word_1_164' title='bbox 592 2355 756 2415; x_wconf 87' lang='lat' dir='ltr'>difficilius?</span> <span class='ocrx_word' id='word_1_165' title='bbox 778 2360 830 2415; x_wconf 89' lang='lat' dir='ltr'>aut</span> <span class='ocrx_word' id='word_1_166' title='bbox 843 2356 914 2433; x_wconf 91' lang='lat' dir='ltr'>quid</span> <span class='ocrx_word' id='word_1_167' title='bbox 927 2357 1020 2432; x_wconf 88' lang='lat' dir='ltr'>magis</span> 
     </span>
     <span class='ocr_line' id='line_1_23' title="bbox 117 2448 1018 2520; baseline -0.001 -9"><span class='ocrx_word' id='word_1_168' title='bbox 117 2456 216 2512; x_wconf 90' lang='lat' dir='ltr'>contra</span> <span class='ocrx_word' id='word_1_169' title='bbox 228 2455 363 2511; x_wconf 84' lang='lat' dir='ltr'>naturam</span> <span class='ocrx_word' id='word_1_170' title='bbox 376 2448 441 2509; x_wconf 88' lang='lat' dir='ltr'>est?</span> <span class='ocrx_word' id='word_1_171' title='bbox 481 2451 540 2509; x_wconf 93' lang='lat' dir='ltr'>Hic</span> <span class='ocrx_word' id='word_1_172' title='bbox 559 2451 677 2509; x_wconf 82' lang='lat' dir='ltr'>foemina</span> <span class='ocrx_word' id='word_1_173' title='bbox 694 2455 748 2520; x_wconf 85' lang='lat' dir='ltr'>cst,</span> <span class='ocrx_word' id='word_1_174' title='bbox 761 2451 810 2508; x_wconf 90' lang='lat' dir='ltr'>hic</span> <span class='ocrx_word' id='word_1_175' title='bbox 822 2454 935 2509; x_wconf 83' lang='lat' dir='ltr'>naturae</span> <span class='ocrx_word' id='word_1_176' title='bbox 949 2453 1018 2510; x_wconf 92' lang='lat' dir='ltr'>ordo</span> 
     </span>
     <span class='ocr_line' id='line_1_24' title="bbox 117 2545 1019 2624; baseline -0.006 -15"><span class='ocrx_word' id='word_1_177' title='bbox 117 2554 256 2623; x_wconf 88' lang='lat' dir='ltr'>servatur,</span> <span class='ocrx_word' id='word_1_178' title='bbox 284 2547 333 2607; x_wconf 92' lang='lat' dir='ltr'>hic</span> <span class='ocrx_word' id='word_1_179' title='bbox 362 2551 523 2624; x_wconf 86' lang='lat' dir='ltr'>conceptus,</span> <span class='ocrx_word' id='word_1_180' title='bbox 552 2545 600 2604; x_wconf 91' lang='lat' dir='ltr'>hic</span> <span class='ocrx_word' id='word_1_181' title='bbox 629 2549 730 2622; x_wconf 85' lang='lat' dir='ltr'>partus</span> <span class='ocrx_word' id='word_1_182' title='bbox 755 2545 932 2622; x_wconf 87' lang='lat' dir='ltr'>temporibus</span> <span class='ocrx_word' id='word_1_183' title='bbox 959 2545 1019 2604; x_wconf 88' lang='lat' dir='ltr'>suis</span> 
     </span>
     <span class='ocr_line' id='line_1_25' title="bbox 118 2641 1019 2723; baseline -0.003 -19"><span class='ocrx_word' id='word_1_184' title='bbox 118 2645 232 2704; x_wconf 89' lang='lat' dir='ltr'>editur:</span> <span class='ocrx_word' id='word_1_185' title='bbox 254 2643 296 2703; x_wconf 92' lang='lat' dir='ltr'>ibi</span> <span class='ocrx_word' id='word_1_186' title='bbox 315 2663 458 2723; x_wconf 89' lang='lat' dir='ltr'>nusquam</span> <span class='ocrx_word' id='word_1_187' title='bbox 477 2641 630 2701; x_wconf 81' lang='lat' dir='ltr'>foemincus</span> <span class='ocrx_word' id='word_1_188' title='bbox 650 2660 745 2714; x_wconf 87' lang='lat' dir='ltr'>sexus,</span> <span class='ocrx_word' id='word_1_189' title='bbox 762 2641 812 2699; x_wconf 86' lang='lat' dir='ltr'>scd</span> <span class='ocrx_word' id='word_1_190' title='bbox 825 2641 871 2700; x_wconf 87' lang='lat' dir='ltr'>vir</span> <span class='ocrx_word' id='word_1_191' title='bbox 891 2641 968 2699; x_wconf 89' lang='lat' dir='ltr'>solus</span> <span class='ocrx_word' id='word_1_192' title='bbox 989 2645 1019 2701; x_wconf 89' lang='lat' dir='ltr'>et</span> 
     </span>
     <span class='ocr_line' id='line_1_26' title="bbox 116 2733 1018 2815; baseline -0.002 -18"><span class='ocrx_word' id='word_1_193' title='bbox 116 2743 225 2815; x_wconf 88' lang='lat' dir='ltr'>partus.</span> <span class='ocrx_word' id='word_1_194' title='bbox 268 2737 326 2804; x_wconf 82' lang='lat' dir='ltr'>Qui</span> <span class='ocrx_word' id='word_1_195' title='bbox 344 2738 397 2797; x_wconf 88' lang='lat' dir='ltr'>illa</span> <span class='ocrx_word' id='word_1_196' title='bbox 416 2737 515 2809; x_wconf 89' lang='lat' dir='ltr'>credit,</span> <span class='ocrx_word' id='word_1_197' title='bbox 532 2736 652 2795; x_wconf 85' lang='lat' dir='ltr'>curiata</span> <span class='ocrx_word' id='word_1_198' title='bbox 671 2733 815 2795; x_wconf 89' lang='lat' dir='ltr'>miratur?</span> <span class='ocrx_word' id='word_1_199' title='bbox 856 2734 913 2792; x_wconf 83' lang='lat' dir='ltr'>Sed</span> <span class='ocrx_word' id='word_1_200' title='bbox 927 2739 956 2795; x_wconf 93' lang='lat' dir='ltr'>et</span> <span class='ocrx_word' id='word_1_201' title='bbox 969 2735 1018 2794; x_wconf 89' lang='lat' dir='ltr'>Li-</span> 
     </span>
     <span class='ocr_line' id='line_1_27' title="bbox 116 2831 1017 2911; baseline -0.002 -19"><span class='ocrx_word' id='word_1_202' title='bbox 116 2834 219 2892; x_wconf 91' lang='lat' dir='ltr'>berum</span> <span class='ocrx_word' id='word_1_203' title='bbox 244 2838 356 2911; x_wconf 88' lang='lat' dir='ltr'>patrem</span> <span class='ocrx_word' id='word_1_204' title='bbox 382 2833 484 2893; x_wconf 91' lang='lat' dir='ltr'>dicunt</span> <span class='ocrx_word' id='word_1_205' title='bbox 510 2834 546 2890; x_wconf 92' lang='lat' dir='ltr'>de</span> <span class='ocrx_word' id='word_1_206' title='bbox 568 2833 676 2891; x_wconf 85' lang='lat' dir='ltr'>femore</span> <span class='ocrx_word' id='word_1_207' title='bbox 703 2831 766 2908; x_wconf 90' lang='lat' dir='ltr'>ejus</span> <span class='ocrx_word' id='word_1_208' title='bbox 791 2833 901 2889; x_wconf 90' lang='lat' dir='ltr'>natum.</span> <span class='ocrx_word' id='word_1_209' title='bbox 944 2832 1017 2890; x_wconf 82' lang='lat' dir='ltr'>Ecce</span> 
     </span>
     <span class='ocr_line' id='line_1_28' title="bbox 116 2925 1096 3021; baseline 0 -35"><span class='ocrx_word' id='word_1_210' title='bbox 116 2928 197 2987; x_wconf 93' lang='lat' dir='ltr'>aliud</span> <span class='ocrx_word' id='word_1_211' title='bbox 209 2929 336 3005; x_wconf 87' lang='lat' dir='ltr'>portenti</span> <span class='ocrx_word' id='word_1_212' title='bbox 349 2949 449 3004; x_wconf 84' lang='lat' dir='ltr'>genus,</span> <span class='ocrx_word' id='word_1_213' title='bbox 465 2931 495 2987; x_wconf 89' lang='lat' dir='ltr'>et</span> <span class='ocrx_word' id='word_1_214' title='bbox 507 2931 606 2986; x_wconf 90' lang='lat' dir='ltr'>tamen</span> <span class='ocrx_word' id='word_1_215' title='bbox 618 2925 753 2986; x_wconf 88' lang='lat' dir='ltr'>creditur.</span> <span class='ocrx_word' id='word_1_216' title='bbox 791 2927 933 2986; x_wconf 86' lang='lat' dir='ltr'>Venerem</span> <span class='ocrx_word' id='word_1_217' title='bbox 947 2947 1017 3004; x_wconf 91' lang='lat' dir='ltr'>quo·</span> <span class='ocrx_word' id='word_1_218' title='bbox 1093 3009 1096 3021; x_wconf 30' lang='grc' dir='ltr'><strong><em>ι</em></strong></span> 
     </span>
    </p>
   </div>
   <div class='ocr_carea' id='block_1_3' title="bbox 115 3021 1023 3482">
    <p class='ocr_par' dir='ltr' id='par_1_3' title="bbox 115 3021 1023 3482">
     <span class='ocr_line' id='line_1_29' title="bbox 117 3021 1017 3102; baseline 0.001 -20"><span class='ocrx_word' id='word_1_219' title='bbox 117 3044 183 3102; x_wconf 91' lang='lat' dir='ltr'>que,</span> <span class='ocrx_word' id='word_1_220' title='bbox 204 3044 291 3100; x_wconf 93' lang='lat' dir='ltr'>quam</span> <span class='ocrx_word' id='word_1_221' title='bbox 310 3023 492 3100; x_wconf 82' lang='lat' dir='ltr'>Aphroditen</span> <span class='ocrx_word' id='word_1_222' title='bbox 511 3026 623 3097; x_wconf 85' lang='lat' dir='ltr'>vocant,</span> <span class='ocrx_word' id='word_1_223' title='bbox 646 3022 682 3081; x_wconf 90' lang='lat' dir='ltr'>de</span> <span class='ocrx_word' id='word_1_224' title='bbox 702 3042 802 3099; x_wconf 88' lang='lat' dir='ltr'>spuma</span> <span class='ocrx_word' id='word_1_225' title='bbox 821 3021 908 3079; x_wconf 85' lang='lat' dir='ltr'>maris</span> <span class='ocrx_word' id='word_1_226' title='bbox 928 3022 1017 3099; x_wconf 85' lang='lat' dir='ltr'>(sicut</span> 
     </span>
     <span class='ocr_line' id='line_1_30' title="bbox 116 3117 1017 3195; baseline 0 -17"><span class='ocrx_word' id='word_1_227' title='bbox 116 3120 203 3179; x_wconf 89' lang='lat' dir='ltr'>etiam</span> <span class='ocrx_word' id='word_1_228' title='bbox 222 3119 347 3177; x_wconf 92' lang='lat' dir='ltr'>nominis</span> <span class='ocrx_word' id='word_1_229' title='bbox 366 3118 457 3195; x_wconf 90' lang='lat' dir='ltr'>ipsius</span> <span class='ocrx_word' id='word_1_230' title='bbox 477 3117 643 3194; x_wconf 86' lang='lat' dir='ltr'>compositio</span> <span class='ocrx_word' id='word_1_231' title='bbox 663 3117 800 3194; x_wconf 89' lang='lat' dir='ltr'>ostendit)</span> <span class='ocrx_word' id='word_1_232' title='bbox 815 3117 937 3177; x_wconf 90' lang='lat' dir='ltr'>credunt</span> <span class='ocrx_word' id='word_1_233' title='bbox 956 3137 1017 3178; x_wconf 90' lang='lat' dir='ltr'>esse</span> 
     </span>
     <span class='ocr_line' id='line_1_31' title="bbox 115 3213 1015 3292; baseline 0 -19"><span class='ocrx_word' id='word_1_234' title='bbox 115 3215 314 3292; x_wconf 80' lang='lat' dir='ltr'>progenitam3</span> <span class='ocrx_word' id='word_1_235' title='bbox 335 3215 370 3272; x_wconf 88' lang='lat' dir='ltr'>da</span> <span class='ocrx_word' id='word_1_236' title='bbox 390 3233 443 3271; x_wconf 87' lang='lat' dir='ltr'>ovo</span> <span class='ocrx_word' id='word_1_237' title='bbox 462 3216 544 3272; x_wconf 89' lang='lat' dir='ltr'>natos</span> <span class='ocrx_word' id='word_1_238' title='bbox 565 3213 710 3272; x_wconf 80' lang='lat' dir='ltr'>Castorem</span> <span class='ocrx_word' id='word_1_239' title='bbox 723 3213 928 3290; x_wconf 88' lang='lat' dir='ltr'>Pollucemque</span> <span class='ocrx_word' id='word_1_240' title='bbox 949 3234 1015 3273; x_wconf 91' lang='lat' dir='ltr'>con-</span> 
     </span>
     <span class='ocr_line' id='line_1_32' title="bbox 115 3308 1012 3386; baseline 0.001 -18"><span class='ocrx_word' id='word_1_241' title='bbox 115 3311 251 3383; x_wconf 90' lang='lat' dir='ltr'>firmant;</span> <span class='ocrx_word' id='word_1_242' title='bbox 272 3328 310 3367; x_wconf 87' lang='lat' dir='ltr'>ex</span> <span class='ocrx_word' id='word_1_243' title='bbox 322 3308 448 3368; x_wconf 86' lang='lat' dir='ltr'>formicis</span> <span class='ocrx_word' id='word_1_244' title='bbox 461 3308 666 3386; x_wconf 85' lang='lat' dir='ltr'>Myrmidones.</span> <span class='ocrx_word' id='word_1_245' title='bbox 712 3308 752 3368; x_wconf 87' lang='lat' dir='ltr'>Et</span> <span class='ocrx_word' id='word_1_246' title='bbox 765 3308 823 3367; x_wconf 87' lang='lat' dir='ltr'>alia</span> <span class='ocrx_word' id='word_1_247' title='bbox 841 3308 921 3368; x_wconf 85' lang='lat' dir='ltr'>mille</span> <span class='ocrx_word' id='word_1_248' title='bbox 935 3312 1012 3383; x_wconf 92' lang='lat' dir='ltr'>sunt,</span> 
     </span>
     <span class='ocr_line' id='line_1_33' title="bbox 115 3403 1023 3482; baseline -0.007 -17"><span class='ocrx_word' id='word_1_249' title='bbox 115 3425 190 3482; x_wconf 81' lang='lat' dir='ltr'>quae,</span> <span class='ocrx_word' id='word_1_250' title='bbox 213 3404 345 3482; x_wconf 84' lang='lat' dir='ltr'>quamvis</span> <span class='ocrx_word' id='word_1_251' title='bbox 368 3408 466 3465; x_wconf 84' lang='lat' dir='ltr'>contra</span> <span class='ocrx_word' id='word_1_252' title='bbox 488 3423 585 3464; x_wconf 88' lang='lat' dir='ltr'>rerum</span> <span class='ocrx_word' id='word_1_253' title='bbox 607 3407 742 3465; x_wconf 77' lang='lat' dir='ltr'>nabuam</span> <span class='ocrx_word' id='word_1_254' title='bbox 763 3403 924 3476; x_wconf 81' lang='lat' dir='ltr'>venientia,</span> <span class='ocrx_word' id='word_1_255' title='bbox 944 3404 1023 3477; x_wconf 71' lang='lat' dir='ltr'>ipsis</span> 
     </span>
    </p>
   </div>
   <div class='ocr_carea' id='block_1_4' title="bbox 0 0 1182 3780">
    <p class='ocr_par' dir='ltr' id='par_1_4' title="bbox 0 0 1182 3780">
     <span class='ocr_line' id='line_1_34' title="bbox 0 0 1182 3780; baseline 0 2"><span class='ocrx_word' id='word_1_256' title='bbox 0 0 1182 3780; x_wconf 95' lang='lat' dir='ltr'> </span> 
     </span>
    </p>
   </div>
  </div>
 </body>
</html>
