2356 3780
540 163 558 214 4

121 432 144 479 2.
164 428 354 480 SYMBOLUM
371 429 519 490 EUSEBIL
537 431 770 481 OAESARIENSIS
787 431 974 490 lfflscoplb.

480 539 545 588 A.1>.
562 538 619 587 325.

136 662 211 720 Ταῖς
225 662 315 722 Orced
328 682 385 722 was
403 661 561 722 submittcd
573 666 604 722 to
620 636 678 721 'the
691 662 801 722 Nicenc
815 663 935 722 Oouncil
948 664 997 721 for

99 758 177 818 their
190 758 325 835 adoption
341 761 381 835 by
394 759 546 830 Euscbius,
561 759 618 817 and
637 759 663 818 it
682 759 794 817 formed
807 759 858 818 the
877 758 954 817 basis
967 759 1000 817 of

101 852 152 909 the
173 870 227 909 one
246 851 345 910 which
364 852 414 910 the
436 851 555 910 Oouncil
579 851 747 928 eventually
768 850 899 927 adopted.
943 850 996 908 Sec

80 1009 82 1014 ,
99 949 150 1006 the
171 953 292 1008 account
305 949 402 1008 which
416 949 559 1008 Eusebius
578 949 659 1024 gives
679 947 712 1006 of
727 948 753 1007 it
772 949 804 1006 in
824 967 841 1006 c
860 947 947 1007 letter
966 952 996 1005 to

100 1044 146 1103 his
165 1045 241 1103 flock
261 1051 292 1103 at
311 1045 446 1115 Gaesarca,
461 1045 493 1103 in
514 1046 653 1118 Socrates,
669 1044 748 1103 Hist.
772 1044 893 1112 Eccles„
906 1042 957 1100 lib.
973 1042 993 1101 i.

87 1157 88 1162 ’
105 1162 128 1200 ο.
146 1147 172 1200 8.

144 1277 170 1330 l.
194 1279 427 1354 ΠΙΣΤΕΥΟΜΕΝ
442 1278 478 1336 εἷς
492 1279 536 1333 ἕνα
550 1281 616 1335 θεὸν
629 1280 731 1350 Πατέρα
744 1279 946 1351 παντοκράτορα,

193 1391 238 1442 τὸν
250 1395 302 1444 τῶν
314 1390 441 1458 ἁπάντων,
456 1392 555 1461 ὁρατῶν
567 1412 595 1443 τε
608 1391 649 1444 καὶ
662 1389 786 1460 άοράτων,
797 1389 912 1459 ποιητήν·

86 1472 100 1510 ⁸
137 1485 165 1538 2.
188 1487 237 1540 Καὶ
251 1486 287 1543 είς
300 1486 344 1541 ἕνα
359 1484 461 1558 Κύριον,
475 1487 578 1554 Ἰησοῦν
590 1487 713 1558 Χριστὸν,

186 1587 238 1636 Τὸν
249 1585 297 1636 τοῦ
311 1587 377 1637 Θεοῦ
392 1585 485 1656 Λόγον,

193 1679 299 1732 Θεόνέκ
313 1684 390 1745 Θεοῦ,

188 1779 245 1831 Φῶς
258 1775 286 1828 ἐκ
299 1774 396 1838 Φωτός,

188 1871 392 1941 ΖωὴνέκΖωῆς,

186 1967 248 2021 Υίὸν
260 1970 392 2040 μονογενῆ,

187 2066 351 2134 πρωτότοκον
363 2065 449 2132 πάσης
463 2064 578 2127 κτίσεως,

186 2161 237 2229 πρὸ
255 2162 357 2214 πάντων
374 2166 425 2215 τῶν
442 2161 540 2215 αἰώνων
558 2162 586 2216 ἐκ
603 2165 649 2216 τοῦ
668 2165 735 2218 θεοῦ
757 2167 859 2236 Πατρός
877 2188 995 2238 γεγεννη-

227 2259 313 2328 μένον

188 2353 221 2409 δι’
235 2354 266 2409 οὗ
280 2356 322 2410 καὶ
335 2355 437 2428 ἐγένετο
451 2356 483 2410 τά
495 2357 587 2410 πάντα·

140 2453 167 2506 3.
188 2454 239 2507 Τὸν
252 2455 293 2508 διὰ
307 2454 353 2522 τὴν
366 2453 490 2526 ἡμετέραν
503 2449 632 2526 σωτηρίαν

188 2549 361 2621 σαρκωθέντα,

188 2647 229 2700 καί
242 2648 270 2702 ἐν
283 2647 668 2720 άνθρόποιςσαλιτενσάμενον,

139 2743 168 2796 4.
191 2744 240 2798 Καὶ
252 2744 377 2811 παθόντα,

140 2840 168 2894 5.
192 2841 240 2894 Καὶ
253 2840 399 2896 ἀναστάντα
411 2864 442 2912 τη
455 2842 528 2914 τρίτη
542 2842 631 2916 ἡμέρᾳ,

140 2937 167 2989 6.
190 2940 240 2993 Καὶ
253 2937 393 2994 ἀνελθόντα
406 2940 471 3012 πρὸς
483 2943 529 2995 τὸν
543 2941 654 3013 Πατέρα,

141 3029 169 3088 7.
193 3035 246 3090 Καὶ
258 3034 352 3105 ἡξόντα
364 3037 445 3092 πάλιν
457 3038 484 3093 ἐν
497 3037 560 3107 caen

189 3135 270 3203 κρῖναι
285 3134 378 3200 ζῶντας
392 3133 433 3188 καὶ
446 3133 557 3206 νεκροῦς·

142 3225 169 3280 8.
192 3226 355 3299 Πιστεῦομεν
368 3230 410 3284 καὶ
423 3229 460 3287 είς
473 3228 501 3284 ἓν
514 3233 618 3299 Πνεῦμα
626 3226 725 3301 Ἀγιον·

308 3359 320 3392 ¹2
335 3359 453 3416 ςοωωα,
465 3359 531 3408 mc.
543 3359 645 3418 αοοα,
656 3357 695 3405 cb.
708 3359 724 3405 i.
737 3371 757 3405 ο.
770 3357 791 3404 c.
