2356 3780
147 188 203 247 1³2
325 241 328 247 .
425 203 530 256 nornn
549 203 774 245 oosnrnrrsnrns

143 369 175 427 et
186 366 348 426 imm01tale
361 372 448 446 atque
468 368 686 446 incorruptibile
707 369 851 443 effectum,
861 368 927 446 'jam
938 383 1000 428 'non
1013 369 1046 430 ln

143 461 273 537 terrenis,
296 463 346 522 sed
366 463 399 522 in
419 464 583 524 caelestibus
605 468 635 525 et
655 464 746 541 patris
767 462 871 524 dextra
891 465 1053 526 collocarit:

145 558 244 618 Plenae
267 562 336 618 sunt
361 559 409 618 his
431 560 615 620 sacramentis
642 560 791 637 seripturae
812 559 927 619 Veteris
948 562 1056 620 Testa-²

143 652 244 712 menti.
286 653 396 712 Nullus
415 673 502 732 snper
520 655 575 714 hoe
595 656 748 732 Propheta,
767 656 868 714 nullus
887 655 1051 730 Legisleton

143 752 197 809 aut
208 750 452 827 Psalmographus
469 751 561 826 siluit,
577 752 627 810 sed
647 751 740 811 omnis
759 770 833 828 pene
853 770 933 810 saara
946 752 982 810 de
1001 752 1050 810 his

142 844 275 923 loquitur
300 846 414 923 pagina.
454 847 527 906 Ideo
555 848 734 925 superfluum
757 847 875 907 videtur
901 847 1050 906 immorari

143 961 195 1003 nos
219 945 256 1003 ad
279 945 477 1022 congreganda
499 945 672 1006 testimonia.
714 945 811 1003 Pauea
830 948 929 1004 tamen
951 945 1053 1003 admo-

143 1042 214 1101 dum
233 1063 381 1120 ponemus,
405 1043 442 1102 ad
464 1044 542 1121 ipsos
563 1044 658 1103 fontes
680 1042 844 1102 divinorum
858 1043 1049 1103 ¹voluminum

146 1139 329 1199 remittentes
342 1159 390 1198 eos
403 1139 455 1216 qui
467 1144 566 1216 potare
580 1138 775 1198 abundantius
787 1139 918 1216 eupiunt.

186 1239 233 1293 30.
256 1234 337 1294 Dieit
357 1255 425 1311 ergo
444 1235 542 1295 statim
554 1235 586 1294 in
598 1235 729 1309 Psalmis,
745 1237 806 1312 Epo
820 1235 946 1309 dormivi,
962 1240 989 1294 et
1006 1255 1050 1295 so·

137 1337 258 1407 perotus
276 1351 345 1402 som,
360 1337 387 1391 et
407 1333 558 1405 eosarreri,
568 1333 702 1409 'quoniam
715 1332 851 1391 Dominus
864 1331 1047 1407 susceptam.

144 1427 257 1487 Iterum
277 1427 310 1486 in
329 1428 386 1486 alio
405 1428 476 1501 loeo,
492 1428 614 1502 Propter
627 1428 767 1486 miseriam
786 1429 945 1502 inopom'et
961 1427 1048 1502 qemi·

145 1528 203 1582 tom
217 1542 376 1599 pauperum
389 1543 461 1582 noae
476 1543 628 1600 eaeurpam,
641 1525 712 1582 divit
724 1524 870 1582 Dominae.
912 1524 952 1582 Et
965 1522 1046 1596 alibi,

149 1617 224 1676 sieut
239 1618 301 1696 jam
315 1618 447 1696 superius
458 1603 603 1693 diximus,
619 1620 745 1691 Domine,
761 1619 883 1677 eduxisti
894 1619 926 1677 de
939 1620 1048 1694 inferno

144 1715 266 1772 animam
285 1734 393 1774 meam:
422 1715 538 1774 salvasti
556 1735 598 1775 me
621 1735 639 1774 o
658 1714 874 1773 descendentibus
897 1716 929 1774 in
948 1715 1047 1774 laeum.

123 1853 126 1859 .
143 1809 184 1867 Et
201 1809 234 1867 in
254 1808 311 1867 alio
330 1809 402 1882 loeo,
425 1810 558 1878 Quoniam
577 1830 717 1870 conversas
735 1810 886 1886 oioefloasto'
903 1829 952 1883 me,
969 1815 996 1869 et
1015 1811 1048 1870 da

143 1902 238 1979 elyseo
258 1905 453 1964 meraritarum
472 1906 611 1964 reduxisti
627 1925 678 1964 me.
720 1903 942 1963 Evidentissime
956 1904 988 1962 in
1001 1925 1048 1964 oe·

141 1999 279 2073 togesimo
301 2001 422 2078 septimo
441 2001 555 2059 Psalmo
576 2000 612 2058 de
633 1999 677 2057 Eo
699 1998 813 2070 dieitur,
832 2000 877 2058 Et
889 1999 987 2075 saetas
1006 2005 1048 2060 est

142 2094 214 2153 sicat
240 2095 316 2155 Immo
342 2097 401 2154 aine
427 2097 575 2173 amatorio,
604 2095 680 2154 inter
706 2099 827 2154 mortuos
859 2094 936 2153 liter.
978 2095 1047 2154 Non

142 2190 220 2251 dixit
233 2193 318 2266 loma
334 2193 385 2251 sed
404 2195 476 2253 elcut
493 2193 578 2252 tomo.
622 2191 705 2252 Siout
717 2192 802 2250 homo
822 2191 899 2250 enim
920 2198 981 2252 erat
995 2193 1048 2269 qui

142 2288 328 2349 descenderat
360 2289 393 2349 in
424 2288 590 2348 infernum:
627 2288 676 2346 sed
702 2287 785 2352 ¹inter
812 2291 941 2346 mortuos
971 2287 1047 2347 liber

141 2393 212 2457 erat,
229 2385 298 2462 quia
316 2390 438 2444 amorte
451 2383 544 2443 teneri
563 2402 622 2442 non
635 2386 756 2459 poterat.
798 2383 839 2442 Et
857 2383 922 2441 ideo
941 2383 974 2441 in
986 2403 1047 2444 una

141 2485 246 2540 natura
268 2482 403 2540 humanae
426 2480 602 2556 fragilitatis,
623 2480 656 2538 in
680 2480 736 2538 elia
755 2479 862 2538 <livinae
885 2479 1048 2555 majestatis

141 2580 273 2653 potestas·
291 2577 466 2636 ostenditur.⁴
513 2577 585 2635 Osee
608 2578 706 2633 autem
729 2575 884 2651 Propheta,
897 2574 985 2634 etiam
1010 2577 1048 2635 de

141 2672 229 2732 tertia
244 2673 291 2731 die
308 2672 540 2732 manifestissime
556 2671 729 2748 pronunciat
741 2671 795 2730 hoo
811 2672 904 2744 modo,
924 2670 1047 2731 Saaolit

141 2788 197 2840 noe,
210 2768 315 2847 inquit,
328 2774 393 2844 post
406 2769 538 2828 biduom:
557 2769 588 2827 in
602 2769 645 2827 die
660 2773 750 2833 autem
764 2768 848 2827 tertia
861 2787 1044 2844 resumemus,

140 2870 168 2923 et
188 2867 308 2924 vivemus
329 2866 361 2924 in
381 2870 522 2941 conspeetu
545 2865 609 2940 ejas.
651 2865 724 2923 Haeo
746 2872 842 2923 autem
864 2881 902 2922 ex
922 2880 1047 2939 persona

141 2981 240 3019 eorum
259 2961 339 3033 dicit,
362 2961 423 3037 qui,
446 2981 513 3020 oum
533 2962 601 3036 Ipso
620 2960 667 3018 die
686 2960 783 3020 tertia·
795 2970 996 3033 resurgentes·
1009 2960 1047 3021 de

139 3061 232 3117 mo1te
252 3062 423 3116 revocantur
442 3059 479 3116 ad
492 3057 592 3116 vitam.
635 3057 675 3117 Et
693 3057 750 3134 ipsi
770 3060 838 3116 sunt
858 3055 910 3133 qui
930 3055 1045 3132 dieunt,

140 3155 197 3213 Die
225 3154 310 3213 tertia
335 3173 514 3230 resumemus,
543 3157 570 3212 et
599 3154 719 3213 vivemus
745 3154 776 3212 ia
808 3157 960 3227 conspeetu·
977 3154 1045 3229 aas.

141 3249 240 3307 Esaias
259 3268 327 3307 vero
347 3253 444 3325 aperte
465 3249 544 3320 dicit,
566 3251 625 3316 Qui
643 3250 739 3308 admit
758 3250 790 3307 de
810 3253 887 3307 terra
900 3253 1048 3324 pastorem

132 3365 265 3422 moyseum
290 3345 389 3405 orium.
433 3346 490 3405 Sed
513 3347 590 3422 quod
612 3350 641 3406 et
664 3346 800 3405 mulieres
820 3344 926 3405 visure
949 3353 1049 3408 essent
