2356 3780
374 245 409 287 no
429 245 583 286 aruncum
602 243 812 285 arosrononurr.
986 228 1042 284 10⁵

143 410 205 488 geri
226 410 324 488 possit,
348 410 373 469 si
388 428 451 469 ‘non
472 410 628 470 credulitas
649 414 715 470 ante
736 410 922 488 praecesserit.
963 410 1043 477 Quid

96 516 99 522 '
142 505 234 583 igitur
259 507 366 565 mbum
392 506 426 580 si,
455 507 621 566 accedentes
650 507 688 565 ad
712 507 817 580 Deum,
845 508 959 567 credere
989 526 1042 566 nos

142 602 235 679 primo
261 602 390 662 omniurn
420 602 597 679 profitemur,
627 621 693 660 oum
728 602 790 661 sine
821 603 875 662 hoc
901 622 954 662 neo
979 602 1042 680 ipsa

143 697 223 774 exigi
242 698 332 775 possit
354 698 416 758 vita
439 698 620 758 eommunis?
662 698 736 758 Haec
762 703 859 758 antem
881 698 988 759 idcirco
1010 699 1042 759 in

141 793 291 872 principiis
311 795 509 871 praemisimus,
533 795 603 872 quia
619 795 729 872 Pagani
748 795 831 853 nobis
852 795 976 872 objicere
996 815 1040 855 so·

141 888 212 964 lent,
238 892 316 968 qnod
342 891 443 967 religio
469 900 576 965 nostra,
601 891 670 970 quie
696 890 856 950 rationibus
878 891 984 966 deficit,
1010 891 1043 950 in

140 984 202 1044 sola
221 986 356 1045 credendi
375 986 558 1064 persuasione
582 986 728 1046 consistat.
768 987 809 1045 Et
827 986 891 1045 ideo
915 987 1041 1046 ostendi·

140 1100 206 1140 mus
225 1101 279 1141 nec
300 1083 348 1158 agi
370 1103 423 1142 nec
444 1088 520 1142 stare
541 1082 653 1160 aliquid
673 1101 764 1158 posse,
788 1080 845 1140 nisi
865 1083 1042 1159 praecesserit

140 1176 186 1234 vis
212 1178 355 1237 credendi.
397 1179 530 1255 Denique
555 1184 586 1237 et
610 1175 793 1236 matrimonia
819 1177 1038 1252 contrahuntur,

140 1273 210 1350 quia
228 1274 357 1334 creditur
370 1293 535 1333 successura
554 1272 722 1351 posteritas;
744 1276 775 1331 et
793 1271 877 1347 pueri
898 1271 1041 1332 discendis

140 1370 252 1429 artibus
264 1373 429 1446 traduntur,
442 1371 511 1449 quia
523 1370 726 1446 magistrorum
738 1369 770 1426 in
780 1368 935 1444 discipulos
947 1374 1041 1429 trans·

128 1465 289 1544 ¹fundenda
306 1467 433 1527 creditur
450 1467 620 1545 disciplina3
641 1472 673 1527 et
689 1465 804 1543 imperii
821 1465 947 1543 insignia
964 1486 1041 1527 unus

140 1561 269 1639 suscipit,
286 1561 357 1621 dum
368 1563 461 1622 credit
481 1563 537 1622 sibi
556 1563 678 1640 populos
698 1566 729 1622 ct
741 1562 828 1620 urbes
848 1567 878 1622 et
897 1566 1040 1623 armatum

139 1656 229 1717 etiam
241 1659 403 1718 exercitum
422 1658 594 1735 pariturum.
636 1657 721 1724 Quod
741 1656 766 1716 si
778 1657 841 1718 haec
855 1657 971 1734 singula
983 1657 1041 1718 nisi

138 1752 220 1830 prius
233 1755 387 1814 crediderit
399 1755 501 1814 futura
518 1755 618 1814 nullus
631 1754 807 1833 aggreditur,
824 1754 967 1832 quomodo
980 1774 1040 1814 non

138 1850 231 1910 multo
256 1850 349 1928 magis
373 1851 410 1909 ad
436 1849 613 1925 agnitionem
635 1850 691 1910 Dei
718 1849 858 1910 credendo
881 1849 1038 1910 veniatur?

137 1945 196 2006 Sed
215 1948 365 2009 videamus
387 1948 459 2026 quid
477 1948 541 2026 jam
563 1948 699 2009 brevialis
721 1947 769 2006 hio
793 1967 884 2007 sermo
909 1947 1039 2026 Symboli

136 2049 287 2120 proponat.

188 2143 216 2197 4.
247 2139 349 2198 Cauno
372 2137 496 2216 (inquit)
524 2156 559 2196 rr
588 2138 652 2196 Duo
685 2137 784 2197 Percu
815 2139 1035 2198 Ourrrormrrn.

121 2231 123 2234 ⁴
137 2230 298 2290 Orientales
312 2231 447 2291 Ecclesiae
461 2251 559 2290 omnes
576 2251 649 2308 pene
669 2231 712 2291 ita
723 2231 853 2306 eadunt,
871 2236 890 2265 “
901 2231 992 2290 Credo
1005 2232 1038 2290 in

137 2346 191 2385 uno
209 2326 270 2385 Deo
283 2327 370 2385 Patre
390 2327 617 2404 omnipotente.''
659 2329 698 2386 Et
717 2347 833 2386 rursum
853 2326 885 2386 in
905 2328 1038 2404 sequenti

137 2440 274 2495 sermone,
289 2421 341 2481 ubi
360 2441 412 2480 nos
429 2422 559 2495 dicimus,
582 2423 651 2481 “Et
667 2422 699 2481 in
720 2422 834 2482 Christo
852 2424 872 2483 J
873 2442 932 2495 esu,
952 2422 1038 2482 unico

136 2515 197 2575 filio
220 2517 292 2594 ejus,
315 2516 439 2576 Domino
461 2515 590 2587 nostro‚''
615 2516 661 2575 iili
682 2518 813 2593 tradunt,
836 2519 908 2577 “Et
930 2518 962 2577 in
985 2539 1038 2578 uno

136 2612 260 2671 Domino
273 2617 379 2687 nostro,
394 2615 465 2674 Jesu
478 2611 600 2685 Christo,
616 2612 702 2672 unico
715 2613 776 2672 filio
789 2613 853 2690 ejus
863 2614 893 2672 :'’
917 2617 1038 2672 “unum

136 2707 248 2768 scilicet
263 2708 389 2784 Deum,''
404 2716 434 2770 et
449 2714 570 2767 “unum
589 2709 778 2783 Dominum,”
794 2709 951 2768 secundum
969 2728 1036 2769 auc·

135 2803 283 2864 toritatem
302 2805 390 2863 Pauli
406 2803 539 2882 Apostoli
561 2803 739 2881 profitentes.
781 2804 840 2865 Sed
862 2805 898 2864 de
923 2805 978 2864 hoc
1004 2803 1037 2864 in

135 2900 323 2975 sequentibus
341 2900 411 2959 locis
430 2903 601 2976 repetemus.
642 2899 729 2959 Nunc
748 2899 866 2960 interim
885 2901 964 2978 quod
983 2899 1033 2975 ait,

138 2996 206 3053 “In
218 2996 280 3055 Deo
293 2997 381 3055 Patre
394 2995 623 3072 omnipotente‚”
637 2995 796 3056 videamus.

178 3094 197 3124 ‘⁶
207 3091 317 3166 Deus,’'
328 3092 487 3150 secundum
496 3093 572 3170 quod
584 3090 694 3168 opinari
704 3098 799 3170 potest
807 3093 934 3153 humana
943 3113 1033 3169 mens,

134 3191 247 3246 naturae
261 3186 352 3264 ipsius
364 3187 411 3246 vel
426 3186 603 3261 substantiae,
620 3206 685 3264 quae
705 3191 750 3247 est
766 3189 968 3263 superomnia,
984 3209 1034 3267 ap-

134 3283 253 3360 pellatio
272 3286 325 3342 cst.
368 3282 509 3343 “Pater''
524 3281 621 3342 arcani
640 3286 671 3342 ot
688 3283 845 3343 ineffabilis
864 3285 1035 3346 sacramenti

134 3379 306 3438 vocabulum
324 3382 377 3440 est.
422 3377 564 3438 “Deum'’
581 3397 647 3438 cum
667 3379 759 3454 audis,
776 3380 968 3442 substantiam
988 3381 1033 3440 in-
