<?xml version="1.0" encoding="UTF-8"?>
<!DOCTYPE html PUBLIC "-//W3C//DTD XHTML 1.0 Transitional//EN"
    "http://www.w3.org/TR/xhtml1/DTD/xhtml1-transitional.dtd">
<html xmlns="http://www.w3.org/1999/xhtml" xml:lang="en" lang="en">
 <head>
  <title>
</title>
<meta http-equiv="Content-Type" content="text/html;charset=utf-8" />
  <meta name='ocr-system' content='tesseract 3.04.00' />
  <meta name='ocr-capabilities' content='ocr_page ocr_carea ocr_par ocr_line ocrx_word'/>
</head>
<body>
  <div class='ocr_page' id='page_1' title='image "./defideetsymbolo00heurgoog_0195.png"; bbox 0 0 2356 3780; ppageno 0'>
   <div class='ocr_carea' id='block_1_1' title="bbox 149 188 725 263">
    <p class='ocr_par' dir='ltr' id='par_1_1' title="bbox 149 188 725 263">
     <span class='ocr_line' id='line_1_1' title="bbox 149 188 725 263; baseline 0.002 -17"><span class='ocrx_word' id='word_1_1' title='bbox 149 188 205 246; x_wconf 79' lang='lat'>180</span> <span class='ocrx_word' id='word_1_2' title='bbox 464 204 486 246; x_wconf 88' lang='lat' dir='ltr'>s.</span> <span class='ocrx_word' id='word_1_3' title='bbox 502 204 612 262; x_wconf 79' lang='lat' dir='ltr'>uncum,</span> <span class='ocrx_word' id='word_1_4' title='bbox 631 206 725 263; x_wconf 74' lang='lat' dir='ltr'>raum,</span> 
     </span>
    </p>
   </div>
   <div class='ocr_carea' id='block_1_2' title="bbox 143 384 1045 828">
    <p class='ocr_par' dir='ltr' id='par_1_2' title="bbox 143 384 1045 828">
     <span class='ocr_line' id='line_1_2' title="bbox 146 384 1045 463; baseline 0.007 -20"><span class='ocrx_word' id='word_1_5' title='bbox 146 384 280 456; x_wconf 80' lang='lat' dir='ltr'>Onnrsro,</span> <span class='ocrx_word' id='word_1_6' title='bbox 303 404 341 443; x_wconf 87' lang='lat' dir='ltr'>ex</span> <span class='ocrx_word' id='word_1_7' title='bbox 363 389 446 444; x_wconf 86' lang='lat' dir='ltr'>utero</span> <span class='ocrx_word' id='word_1_8' title='bbox 468 384 597 461; x_wconf 75' lang='lat' dir='ltr'>Virginis</span> <span class='ocrx_word' id='word_1_9' title='bbox 618 384 724 460; x_wconf 88' lang='lat' dir='ltr'>genito,</span> <span class='ocrx_word' id='word_1_10' title='bbox 748 385 817 463; x_wconf 82' lang='lat' dir='ltr'>quie</span> <span class='ocrx_word' id='word_1_11' title='bbox 838 386 975 447; x_wconf 78' lang='lat' dir='ltr'>nativitus</span> <span class='ocrx_word' id='word_1_12' title='bbox 998 390 1045 449; x_wconf 75' lang='lat' dir='ltr'>est</span> 
     </span>
     <span class='ocr_line' id='line_1_3' title="bbox 145 479 1044 553; baseline 0.007 -15"><span class='ocrx_word' id='word_1_13' title='bbox 145 479 293 553; x_wconf 86' lang='lat' dir='ltr'>mirabilis,</span> <span class='ocrx_word' id='word_1_14' title='bbox 309 479 373 540; x_wconf 88' lang='lat' dir='ltr'>ideo</span> <span class='ocrx_word' id='word_1_15' title='bbox 392 480 483 540; x_wconf 87' lang='lat' dir='ltr'>nostri</span> <span class='ocrx_word' id='word_1_16' title='bbox 502 485 547 540; x_wconf 87' lang='lat' dir='ltr'>est</span> <span class='ocrx_word' id='word_1_17' title='bbox 566 485 670 541; x_wconf 81' lang='lat' dir='ltr'>natura</span> <span class='ocrx_word' id='word_1_18' title='bbox 689 481 844 542; x_wconf 87' lang='lat' dir='ltr'>dissimilis</span> <span class='ocrx_word' id='word_1_19' title='bbox 887 482 945 549; x_wconf 83' lang='lat' dir='ltr'>Qui</span> <span class='ocrx_word' id='word_1_20' title='bbox 964 484 1044 544; x_wconf 92' lang='lat' dir='ltr'>enim</span> 
     </span>
     <span class='ocr_line' id='line_1_4' title="bbox 143 575 1042 649; baseline 0.009 -18"><span class='ocrx_word' id='word_1_21' title='bbox 143 594 230 633; x_wconf 84' lang='lat' dir='ltr'>verus</span> <span class='ocrx_word' id='word_1_22' title='bbox 262 579 306 634; x_wconf 89' lang='lat' dir='ltr'>est</span> <span class='ocrx_word' id='word_1_23' title='bbox 332 576 419 649; x_wconf 89' lang='lat' dir='ltr'>Deus,</span> <span class='ocrx_word' id='word_1_24' title='bbox 449 575 526 634; x_wconf 91' lang='lat' dir='ltr'>idem</span> <span class='ocrx_word' id='word_1_25' title='bbox 552 596 639 635; x_wconf 87' lang='lat' dir='ltr'>verus</span> <span class='ocrx_word' id='word_1_26' title='bbox 665 580 709 636; x_wconf 92' lang='lat' dir='ltr'>est</span> <span class='ocrx_word' id='word_1_27' title='bbox 735 578 839 636; x_wconf 91' lang='lat' dir='ltr'>homo:</span> <span class='ocrx_word' id='word_1_28' title='bbox 868 582 899 638; x_wconf 88' lang='lat' dir='ltr'>et</span> <span class='ocrx_word' id='word_1_29' title='bbox 924 579 1042 639; x_wconf 91' lang='lat' dir='ltr'>nullum</span> 
     </span>
     <span class='ocr_line' id='line_1_5' title="bbox 144 670 1044 745; baseline 0.004 -16"><span class='ocrx_word' id='word_1_30' title='bbox 144 674 190 729; x_wconf 85' lang='lat' dir='ltr'>est</span> <span class='ocrx_word' id='word_1_31' title='bbox 209 670 241 727; x_wconf 90' lang='lat' dir='ltr'>iu</span> <span class='ocrx_word' id='word_1_32' title='bbox 259 671 313 729; x_wconf 91' lang='lat' dir='ltr'>hac</span> <span class='ocrx_word' id='word_1_33' title='bbox 337 670 450 730; x_wconf 87' lang='lat' dir='ltr'>unitate</span> <span class='ocrx_word' id='word_1_34' title='bbox 469 671 659 745; x_wconf 80' lang='lat' dir='ltr'>mendacium,</span> <span class='ocrx_word' id='word_1_35' title='bbox 683 672 753 730; x_wconf 91' lang='lat' dir='ltr'>dum</span> <span class='ocrx_word' id='word_1_36' title='bbox 775 671 900 731; x_wconf 86' lang='lat' dir='ltr'>invicem</span> <span class='ocrx_word' id='word_1_37' title='bbox 920 677 989 732; x_wconf 88' lang='lat' dir='ltr'>sunt</span> <span class='ocrx_word' id='word_1_38' title='bbox 1012 678 1044 734; x_wconf 90' lang='lat' dir='ltr'>et</span> 
     </span>
     <span class='ocr_line' id='line_1_6' title="bbox 144 766 1043 828; baseline 0.004 -4"><span class='ocrx_word' id='word_1_39' title='bbox 144 766 296 826; x_wconf 76' lang='lat' dir='ltr'>humilitas</span> <span class='ocrx_word' id='word_1_40' title='bbox 320 767 445 826; x_wconf 89' lang='lat' dir='ltr'>hominis</span> <span class='ocrx_word' id='word_1_41' title='bbox 468 777 498 828; x_wconf 87' lang='lat' dir='ltr'>et</span> <span class='ocrx_word' id='word_1_42' title='bbox 524 767 648 827; x_wconf 79' lang='lat' dir='ltr'>altitudo</span> <span class='ocrx_word' id='word_1_43' title='bbox 674 767 808 826; x_wconf 73' lang='lat' dir='ltr'>Deitatis.</span> <span class='ocrx_word' id='word_1_44' title='bbox 859 766 1043 828; x_wconf 68' lang='lat' dir='ltr'>sicutenim</span> 
     </span>
    </p>
   </div>
   <div class='ocr_carea' id='block_1_3' title="bbox 142 862 1042 954">
    <p class='ocr_par' dir='ltr' id='par_1_3' title="bbox 142 862 1042 954">
     <span class='ocr_line' id='line_1_7' title="bbox 142 862 1042 954; baseline 0.004 -34"><span class='ocrx_word' id='word_1_45' title='bbox 142 862 223 921; x_wconf 88' lang='lat' dir='ltr'>Deus</span> <span class='ocrx_word' id='word_1_46' title='bbox 248 882 307 921; x_wconf 90' lang='lat' dir='ltr'>nou</span> <span class='ocrx_word' id='word_1_47' title='bbox 332 867 464 922; x_wconf 89' lang='lat' dir='ltr'>mutatur</span> <span class='ocrx_word' id='word_1_48' title='bbox 475 863 696 954; x_wconf 62' lang='lat' dir='ltr'><em>Q</em></span> <span class='ocrx_word' id='word_1_49' title='bbox 710 863 754 923; x_wconf 87' lang='lat' dir='ltr'>ita</span> <span class='ocrx_word' id='word_1_50' title='bbox 779 864 864 921; x_wconf 91' lang='lat' dir='ltr'>homo</span> <span class='ocrx_word' id='word_1_51' title='bbox 890 882 948 923; x_wconf 91' lang='lat' dir='ltr'>non</span> <span class='ocrx_word' id='word_1_52' title='bbox 974 884 1042 924; x_wconf 92' lang='lat' dir='ltr'>con-</span> 
     </span>
    </p>
   </div>
   <div class='ocr_carea' id='block_1_4' title="bbox 126 957 1084 3425">
    <p class='ocr_par' dir='ltr' id='par_1_4' title="bbox 126 957 1084 3425">
     <span class='ocr_line' id='line_1_8' title="bbox 145 957 1043 1036; baseline 0.002 -20"><span class='ocrx_word' id='word_1_53' title='bbox 145 957 269 1017; x_wconf 88' lang='lat' dir='ltr'>sumitur</span> <span class='ocrx_word' id='word_1_54' title='bbox 298 957 451 1035; x_wconf 86' lang='lat' dir='ltr'>dignitate.</span> <span class='ocrx_word' id='word_1_55' title='bbox 500 959 576 1034; x_wconf 87' lang='lat' dir='ltr'>Agit</span> <span class='ocrx_word' id='word_1_56' title='bbox 597 958 674 1018; x_wconf 90' lang='lat' dir='ltr'>enim</span> <span class='ocrx_word' id='word_1_57' title='bbox 706 962 831 1036; x_wconf 89' lang='lat' dir='ltr'>utraque</span> <span class='ocrx_word' id='word_1_58' title='bbox 853 959 946 1018; x_wconf 84' lang='lat' dir='ltr'>forma</span> <span class='ocrx_word' id='word_1_59' title='bbox 975 978 1043 1018; x_wconf 89' lang='lat' dir='ltr'>eum</span> 
     </span>
     <span class='ocr_line' id='line_1_9' title="bbox 144 1052 1043 1130; baseline 0.002 -20"><span class='ocrx_word' id='word_1_60' title='bbox 144 1052 263 1112; x_wconf 87' lang='lat' dir='ltr'>alterius</span> <span class='ocrx_word' id='word_1_61' title='bbox 287 1054 484 1113; x_wconf 89' lang='lat' dir='ltr'>communione</span> <span class='ocrx_word' id='word_1_62' title='bbox 504 1054 581 1130; x_wconf 90' lang='lat' dir='ltr'>quod</span> <span class='ocrx_word' id='word_1_63' title='bbox 603 1053 751 1130; x_wconf 87' lang='lat' dir='ltr'>proprium</span> <span class='ocrx_word' id='word_1_64' title='bbox 773 1056 835 1126; x_wconf 85' lang='lat' dir='ltr'>est3</span> <span class='ocrx_word' id='word_1_65' title='bbox 865 1053 962 1113; x_wconf 88' lang='lat' dir='ltr'>Verbo</span> <span class='ocrx_word' id='word_1_66' title='bbox 988 1054 1043 1112; x_wconf 89' lang='lat' dir='ltr'>soi·</span> 
     </span>
     <span class='ocr_line' id='line_1_10' title="bbox 142 1148 1043 1229; baseline 0.003 -23"><span class='ocrx_word' id='word_1_67' title='bbox 142 1148 212 1207; x_wconf 91' lang='lat' dir='ltr'>licet</span> <span class='ocrx_word' id='word_1_68' title='bbox 238 1154 373 1224; x_wconf 86' lang='lat' dir='ltr'>operante</span> <span class='ocrx_word' id='word_1_69' title='bbox 399 1150 477 1229; x_wconf 90' lang='lat' dir='ltr'>quod</span> <span class='ocrx_word' id='word_1_70' title='bbox 501 1149 592 1209; x_wconf 80' lang='lat' dir='ltr'>Verbi</span> <span class='ocrx_word' id='word_1_71' title='bbox 623 1153 675 1221; x_wconf 88' lang='grc' dir='ltr'><strong>θεῖ,</strong></span> <span class='ocrx_word' id='word_1_72' title='bbox 704 1152 735 1209; x_wconf 92' lang='lat' dir='ltr'>et</span> <span class='ocrx_word' id='word_1_73' title='bbox 761 1167 845 1208; x_wconf 88' lang='lat' dir='ltr'>earne</span> <span class='ocrx_word' id='word_1_74' title='bbox 878 1154 1043 1226; x_wconf 83' lang='lat' dir='ltr'>exequente</span> 
     </span>
     <span class='ocr_line' id='line_1_11' title="bbox 143 1244 1040 1321; baseline 0.004 -21"><span class='ocrx_word' id='word_1_75' title='bbox 143 1244 220 1321; x_wconf 88' lang='lat' dir='ltr'>quod</span> <span class='ocrx_word' id='word_1_76' title='bbox 246 1245 339 1302; x_wconf 88' lang='lat' dir='ltr'>camis</span> <span class='ocrx_word' id='word_1_77' title='bbox 365 1249 417 1304; x_wconf 91' lang='lat' dir='ltr'>est.</span> <span class='ocrx_word' id='word_1_78' title='bbox 466 1245 565 1304; x_wconf 89' lang='lat' dir='ltr'>Unum</span> <span class='ocrx_word' id='word_1_79' title='bbox 591 1246 695 1303; x_wconf 91' lang='lat' dir='ltr'>horum</span> <span class='ocrx_word' id='word_1_80' title='bbox 721 1248 850 1304; x_wconf 81' lang='lat' dir='ltr'>coruscat</span> <span class='ocrx_word' id='word_1_81' title='bbox 880 1244 1040 1320; x_wconf 86' lang='lat' dir='ltr'>miraculis,</span> 
     </span>
     <span class='ocr_line' id='line_1_12' title="bbox 143 1338 1042 1417; baseline 0.003 -20"><span class='ocrx_word' id='word_1_82' title='bbox 143 1338 225 1397; x_wconf 84' lang='lat' dir='ltr'>aliud</span> <span class='ocrx_word' id='word_1_83' title='bbox 242 1339 404 1399; x_wconf 90' lang='lat' dir='ltr'>succumbit</span> <span class='ocrx_word' id='word_1_84' title='bbox 421 1339 544 1417; x_wconf 86' lang='lat' dir='ltr'>injuriis.</span> <span class='ocrx_word' id='word_1_85' title='bbox 585 1341 626 1400; x_wconf 88' lang='lat' dir='ltr'>Et</span> <span class='ocrx_word' id='word_1_86' title='bbox 642 1339 717 1400; x_wconf 90' lang='lat' dir='ltr'>sieut</span> <span class='ocrx_word' id='word_1_87' title='bbox 729 1341 859 1400; x_wconf 88' lang='lat' dir='ltr'>Verbum</span> <span class='ocrx_word' id='word_1_88' title='bbox 872 1340 908 1398; x_wconf 84' lang='lat' dir='ltr'>ab</span> <span class='ocrx_word' id='word_1_89' title='bbox 921 1341 1042 1417; x_wconf 76' lang='lat' dir='ltr'>aequali·</span> 
     </span>
     <span class='ocr_line' id='line_1_13' title="bbox 142 1437 1044 1512; baseline 0.006 -17"><span class='ocrx_word' id='word_1_90' title='bbox 142 1439 202 1495; x_wconf 83' lang='lat' dir='ltr'>tate</span> <span class='ocrx_word' id='word_1_91' title='bbox 216 1440 343 1512; x_wconf 85' lang='lat' dir='ltr'>patornoe</span> <span class='ocrx_word' id='word_1_92' title='bbox 356 1437 455 1512; x_wconf 74' lang='lat' dir='ltr'>gloriae</span> <span class='ocrx_word' id='word_1_93' title='bbox 469 1456 526 1495; x_wconf 93' lang='lat' dir='ltr'>non</span> <span class='ocrx_word' id='word_1_94' title='bbox 539 1437 655 1512; x_wconf 81' lang='lat' dir='ltr'>recedit,</span> <span class='ocrx_word' id='word_1_95' title='bbox 671 1437 713 1497; x_wconf 89' lang='lat' dir='ltr'>ita</span> <span class='ocrx_word' id='word_1_96' title='bbox 727 1457 791 1497; x_wconf 88' lang='lat' dir='ltr'>caro</span> <span class='ocrx_word' id='word_1_97' title='bbox 803 1445 937 1496; x_wconf 83' lang='lat' dir='ltr'>naturam</span> <span class='ocrx_word' id='word_1_98' title='bbox 949 1440 1044 1500; x_wconf 86' lang='lat' dir='ltr'>nostri</span> 
     </span>
     <span class='ocr_line' id='line_1_14' title="bbox 143 1531 1045 1611; baseline 0.004 -22"><span class='ocrx_word' id='word_1_99' title='bbox 143 1531 256 1606; x_wconf 87' lang='lat' dir='ltr'>generis</span> <span class='ocrx_word' id='word_1_100' title='bbox 273 1552 332 1590; x_wconf 94' lang='lat' dir='ltr'>non</span> <span class='ocrx_word' id='word_1_101' title='bbox 351 1532 499 1609; x_wconf 90' lang='lat' dir='ltr'>relinquit.</span> <span class='ocrx_word' id='word_1_102' title='bbox 541 1533 625 1592; x_wconf 87' lang='lat' dir='ltr'>Unus</span> <span class='ocrx_word' id='word_1_103' title='bbox 645 1533 722 1591; x_wconf 91' lang='lat' dir='ltr'>enim</span> <span class='ocrx_word' id='word_1_104' title='bbox 741 1533 875 1610; x_wconf 86' lang='lat' dir='ltr'>idemque</span> <span class='ocrx_word' id='word_1_105' title='bbox 896 1537 948 1607; x_wconf 90' lang='lat' dir='ltr'>est,</span> <span class='ocrx_word' id='word_1_106' title='bbox 964 1535 1045 1611; x_wconf 88' lang='lat' dir='ltr'>quod</span> 
     </span>
     <span class='ocr_line' id='line_1_15' title="bbox 145 1627 1045 1703; baseline 0.006 -19"><span class='ocrx_word' id='word_1_107' title='bbox 145 1647 219 1703; x_wconf 83' lang='lat' dir='ltr'>saepe</span> <span class='ocrx_word' id='word_1_108' title='bbox 243 1627 396 1686; x_wconf 87' lang='lat' dir='ltr'>dicendum</span> <span class='ocrx_word' id='word_1_109' title='bbox 417 1632 469 1699; x_wconf 88' lang='lat' dir='ltr'>est,</span> <span class='ocrx_word' id='word_1_110' title='bbox 493 1648 560 1688; x_wconf 87' lang='lat' dir='ltr'>vere</span> <span class='ocrx_word' id='word_1_111' title='bbox 583 1628 640 1688; x_wconf 90' lang='lat' dir='ltr'>Dei</span> <span class='ocrx_word' id='word_1_112' title='bbox 662 1628 751 1699; x_wconf 87' lang='lat' dir='ltr'>filius,</span> <span class='ocrx_word' id='word_1_113' title='bbox 773 1633 803 1688; x_wconf 88' lang='lat' dir='ltr'>et</span> <span class='ocrx_word' id='word_1_114' title='bbox 825 1649 893 1688; x_wconf 88' lang='lat' dir='ltr'>vere</span> <span class='ocrx_word' id='word_1_115' title='bbox 916 1630 1045 1691; x_wconf 91' lang='lat' dir='ltr'>hominis</span> 
     </span>
     <span class='ocr_line' id='line_1_16' title="bbox 142 1722 1045 1801; baseline 0.008 -21"><span class='ocrx_word' id='word_1_116' title='bbox 142 1722 230 1780; x_wconf 88' lang='lat' dir='ltr'>filius.</span> <span class='ocrx_word' id='word_1_117' title='bbox 272 1723 352 1781; x_wconf 91' lang='lat' dir='ltr'>Deus</span> <span class='ocrx_word' id='word_1_118' title='bbox 371 1723 474 1799; x_wconf 88' lang='lat' dir='ltr'>perid,</span> <span class='ocrx_word' id='word_1_119' title='bbox 489 1725 567 1801; x_wconf 90' lang='lat' dir='ltr'>quod</span> <span class='ocrx_word' id='word_1_120' title='bbox 584 1726 615 1783; x_wconf 77' lang='lat' dir='ltr'>ie</span> <span class='ocrx_word' id='word_1_121' title='bbox 629 1725 774 1800; x_wconf 67' lang='lat' dir='ltr'>princepio</span> <span class='ocrx_word' id='word_1_122' title='bbox 792 1730 852 1784; x_wconf 78' lang='lat' dir='ltr'>erat</span> <span class='ocrx_word' id='word_1_123' title='bbox 872 1725 998 1800; x_wconf 79' lang='lat' dir='ltr'>Verbum,</span> <span class='ocrx_word' id='word_1_124' title='bbox 1015 1733 1045 1787; x_wconf 79' lang='lat' dir='ltr'>ct</span> 
     </span>
     <span class='ocr_line' id='line_1_17' title="bbox 149 1818 1043 1894; baseline 0.01 -19"><span class='ocrx_word' id='word_1_125' title='bbox 149 1818 263 1876; x_wconf 79' lang='lat' dir='ltr'>Verbum</span> <span class='ocrx_word' id='word_1_126' title='bbox 283 1823 343 1876; x_wconf 83' lang='grc' dir='ltr'><strong>θνθῖ</strong></span> <span class='ocrx_word' id='word_1_127' title='bbox 361 1821 439 1894; x_wconf 80' lang='lat' dir='ltr'>apud</span> <span class='ocrx_word' id='word_1_128' title='bbox 456 1821 553 1894; x_wconf 80' lang='lat' dir='ltr'>Deum,</span> <span class='ocrx_word' id='word_1_129' title='bbox 576 1826 603 1880; x_wconf 90' lang='grc' dir='ltr'>θῖ</span> <span class='ocrx_word' id='word_1_130' title='bbox 621 1822 698 1880; x_wconf 76' lang='lat' dir='ltr'>Deus</span> <span class='ocrx_word' id='word_1_131' title='bbox 717 1826 779 1880; x_wconf 85' lang='grc' dir='ltr'><strong>θνθῖ</strong></span> <span class='ocrx_word' id='word_1_132' title='bbox 798 1821 933 1881; x_wconf 80' lang='lat' dir='ltr'>Verbum:</span> <span class='ocrx_word' id='word_1_133' title='bbox 953 1822 1043 1883; x_wconf 90' lang='lat' dir='ltr'>homo</span> 
     </span>
     <span class='ocr_line' id='line_1_18' title="bbox 143 1912 1045 1991; baseline 0.01 -21"><span class='ocrx_word' id='word_1_134' title='bbox 143 1932 195 1991; x_wconf 88' lang='lat' dir='ltr'>per</span> <span class='ocrx_word' id='word_1_135' title='bbox 214 1912 253 1984; x_wconf 90' lang='lat' dir='ltr'>id,</span> <span class='ocrx_word' id='word_1_136' title='bbox 270 1913 347 1988; x_wconf 89' lang='lat' dir='ltr'>quod</span> <span class='ocrx_word' id='word_1_137' title='bbox 372 1913 488 1973; x_wconf 80' lang='lat' dir='ltr'>l⁷erbum</span> <span class='ocrx_word' id='word_1_138' title='bbox 511 1934 573 1974; x_wconf 76' lang='lat' dir='ltr'>eaeo</span> <span class='ocrx_word' id='word_1_139' title='bbox 592 1914 705 1990; x_wconf 79' lang='lat' dir='ltr'>factum</span> <span class='ocrx_word' id='word_1_140' title='bbox 728 1920 777 1989; x_wconf 79' lang='lat' dir='ltr'>cot,</span> <span class='ocrx_word' id='word_1_141' title='bbox 800 1921 828 1975; x_wconf 88' lang='grc' dir='ltr'>θῖ</span> <span class='ocrx_word' id='word_1_142' title='bbox 849 1916 989 1976; x_wconf 74' lang='lat' dir='ltr'>habitavit</span> <span class='ocrx_word' id='word_1_143' title='bbox 1011 1920 1045 1979; x_wconf 75' lang='lat' dir='ltr'>in</span> 
     </span>
     <span class='ocr_line' id='line_1_19' title="bbox 142 2008 1043 2089; baseline 0.008 -22"><span class='ocrx_word' id='word_1_144' title='bbox 142 2009 228 2068; x_wconf 75' lang='lat' dir='ltr'>nobis.</span> <span class='ocrx_word' id='word_1_145' title='bbox 273 2009 354 2068; x_wconf 88' lang='lat' dir='ltr'>Deus</span> <span class='ocrx_word' id='word_1_146' title='bbox 369 2008 473 2086; x_wconf 89' lang='lat' dir='ltr'>perid,</span> <span class='ocrx_word' id='word_1_147' title='bbox 489 2010 566 2087; x_wconf 89' lang='lat' dir='ltr'>quod</span> <span class='ocrx_word' id='word_1_148' title='bbox 584 2012 675 2070; x_wconf 73' lang='lat' dir='ltr'>omnia</span> <span class='ocrx_word' id='word_1_149' title='bbox 689 2031 744 2086; x_wconf 80' lang='lat' dir='ltr'>per</span> <span class='ocrx_word' id='word_1_150' title='bbox 756 2012 848 2086; x_wconf 64' lang='lat' dir='ltr'>speum</span> <span class='ocrx_word' id='word_1_151' title='bbox 861 2013 943 2089; x_wconf 79' lang='lat' dir='ltr'>foeta</span> <span class='ocrx_word' id='word_1_152' title='bbox 962 2020 1043 2089; x_wconf 76' lang='lat' dir='ltr'>eunt,</span> 
     </span>
     <span class='ocr_line' id='line_1_20' title="bbox 143 2106 1047 2186; baseline 0.008 -22"><span class='ocrx_word' id='word_1_153' title='bbox 143 2111 170 2164; x_wconf 86' lang='grc' dir='ltr'>θῖ</span> <span class='ocrx_word' id='word_1_154' title='bbox 190 2106 247 2164; x_wconf 77' lang='lat' dir='ltr'>sine</span> <span class='ocrx_word' id='word_1_155' title='bbox 264 2106 323 2180; x_wconf 77' lang='lat' dir='ltr'>e&#39;pso</span> <span class='ocrx_word' id='word_1_156' title='bbox 336 2107 451 2181; x_wconf 80' lang='lat' dir='ltr'>foetum</span> <span class='ocrx_word' id='word_1_157' title='bbox 464 2113 504 2165; x_wconf 79' lang='grc' dir='ltr'>θεῖ</span> <span class='ocrx_word' id='word_1_158' title='bbox 521 2106 596 2164; x_wconf 71' lang='lat' dir='ltr'>nied</span> <span class='ocrx_word' id='word_1_159' title='bbox 605 2129 615 2166; x_wconf 91' lang='grc'>.·</span> <span class='ocrx_word' id='word_1_160' title='bbox 636 2107 720 2166; x_wconf 93' lang='lat' dir='ltr'>homo</span> <span class='ocrx_word' id='word_1_161' title='bbox 733 2127 785 2183; x_wconf 90' lang='lat' dir='ltr'>per</span> <span class='ocrx_word' id='word_1_162' title='bbox 798 2107 837 2180; x_wconf 89' lang='lat' dir='ltr'>id,</span> <span class='ocrx_word' id='word_1_163' title='bbox 857 2109 934 2185; x_wconf 90' lang='lat' dir='ltr'>quod</span> <span class='ocrx_word' id='word_1_164' title='bbox 942 2110 1047 2186; x_wconf 76' lang='lat' dir='ltr'>factae</span> 
     </span>
     <span class='ocr_line' id='line_1_21' title="bbox 142 2201 1045 2279; baseline 0.007 -17"><span class='ocrx_word' id='word_1_165' title='bbox 142 2209 182 2263; x_wconf 85' lang='lat' dir='ltr'>eat</span> <span class='ocrx_word' id='word_1_166' title='bbox 198 2225 229 2263; x_wconf 81' lang='grc' dir='ltr'>θθ</span> <span class='ocrx_word' id='word_1_167' title='bbox 249 2204 373 2277; x_wconf 69' lang='lat' dir='ltr'>muliere,</span> <span class='ocrx_word' id='word_1_168' title='bbox 386 2205 485 2279; x_wconf 77' lang='lat' dir='ltr'>factus</span> <span class='ocrx_word' id='word_1_169' title='bbox 500 2203 551 2262; x_wconf 76' lang='lat' dir='ltr'>cub</span> <span class='ocrx_word' id='word_1_170' title='bbox 569 2203 632 2279; x_wconf 71' lang='lat' dir='ltr'>lege.</span> <span class='ocrx_word' id='word_1_171' title='bbox 673 2201 820 2263; x_wconf 82' lang='lat' dir='ltr'>Nativitas</span> <span class='ocrx_word' id='word_1_172' title='bbox 837 2203 930 2263; x_wconf 83' lang='lat' dir='ltr'>carnis</span> <span class='ocrx_word' id='word_1_173' title='bbox 948 2209 1045 2268; x_wconf 80' lang='lat' dir='ltr'>mani-</span> 
     </span>
     <span class='ocr_line' id='line_1_22' title="bbox 142 2300 1046 2377; baseline -0.001 -16"><span class='ocrx_word' id='word_1_174' title='bbox 142 2301 257 2362; x_wconf 83' lang='lat' dir='ltr'>festatio</span> <span class='ocrx_word' id='word_1_175' title='bbox 280 2306 323 2360; x_wconf 88' lang='lat' dir='ltr'>est</span> <span class='ocrx_word' id='word_1_176' title='bbox 345 2303 481 2360; x_wconf 81' lang='lat' dir='ltr'>humanae</span> <span class='ocrx_word' id='word_1_177' title='bbox 506 2304 638 2360; x_wconf 83' lang='lat' dir='ltr'>naturae:</span> <span class='ocrx_word' id='word_1_178' title='bbox 668 2303 768 2377; x_wconf 85' lang='lat' dir='ltr'>partus</span> <span class='ocrx_word' id='word_1_179' title='bbox 791 2300 913 2375; x_wconf 83' lang='lat' dir='ltr'>virginis</span> <span class='ocrx_word' id='word_1_180' title='bbox 932 2302 1046 2367; x_wconf 75' lang='lat' dir='ltr'>divinae</span> 
     </span>
     <span class='ocr_line' id='line_1_23' title="bbox 143 2394 1048 2473; baseline 0.004 -17"><span class='ocrx_word' id='word_1_181' title='bbox 143 2402 186 2456; x_wconf 90' lang='lat' dir='ltr'>est</span> <span class='ocrx_word' id='word_1_182' title='bbox 199 2396 317 2456; x_wconf 71' lang='lat' dir='ltr'>rirtutis</span> <span class='ocrx_word' id='word_1_183' title='bbox 336 2396 484 2455; x_wconf 86' lang='lat' dir='ltr'>indicium.</span> <span class='ocrx_word' id='word_1_184' title='bbox 511 2394 802 2473; x_wconf 59' lang='lat' dir='ltr'>Qfflffl</span> <span class='ocrx_word' id='word_1_185' title='bbox 811 2395 975 2455; x_wconf 89' lang='lat' dir='ltr'>ostenditur</span> <span class='ocrx_word' id='word_1_186' title='bbox 987 2400 1048 2460; x_wconf 88' lang='lat' dir='ltr'>hu-</span> 
     </span>
     <span class='ocr_line' id='line_1_24' title="bbox 141 2489 1048 2567; baseline 0.006 -16"><span class='ocrx_word' id='word_1_187' title='bbox 141 2493 266 2551; x_wconf 85' lang='lat' dir='ltr'>militate</span> <span class='ocrx_word' id='word_1_188' title='bbox 285 2512 444 2550; x_wconf 86' lang='lat' dir='ltr'>cunarum:</span> <span class='ocrx_word' id='word_1_189' title='bbox 466 2491 635 2567; x_wconf 79' lang='lat' dir='ltr'>magnitudo</span> <span class='ocrx_word' id='word_1_190' title='bbox 649 2489 795 2550; x_wconf 92' lang='lat' dir='ltr'>Altissimi</span> <span class='ocrx_word' id='word_1_191' title='bbox 814 2491 979 2551; x_wconf 86' lang='lat' dir='ltr'>declaratur</span> <span class='ocrx_word' id='word_1_192' title='bbox 992 2515 1048 2556; x_wconf 87' lang='lat' dir='ltr'>vo·</span> 
     </span>
     <span class='ocr_line' id='line_1_25' title="bbox 142 2574 1045 2666; baseline -0.003 -20"><span class='ocrx_word' id='word_1_193' title='bbox 142 2589 223 2647; x_wconf 87' lang='lat' dir='ltr'>cibus</span> <span class='ocrx_word' id='word_1_194' title='bbox 246 2574 432 2662; x_wconf 69' lang='lat' dir='ltr'>Angelorum,</span> <span class='ocrx_word' id='word_1_195' title='bbox 476 2587 584 2646; x_wconf 81' lang='lat' dir='ltr'>Similis</span> <span class='ocrx_word' id='word_1_196' title='bbox 611 2590 655 2645; x_wconf 91' lang='lat' dir='ltr'>est</span> <span class='ocrx_word' id='word_1_197' title='bbox 681 2585 853 2645; x_wconf 86' lang='lat' dir='ltr'>rudimentis</span> <span class='ocrx_word' id='word_1_198' title='bbox 878 2586 1045 2666; x_wconf 76' lang='lat' dir='ltr'>hominum,</span> 
     </span>
     <span class='ocr_line' id='line_1_26' title="bbox 143 2613 1060 2911; baseline 0.002 -170"><span class='ocrx_word' id='word_1_199' title='bbox 143 2703 229 2761; x_wconf 89' lang='lat' dir='ltr'>quom</span> <span class='ocrx_word' id='word_1_200' title='bbox 249 2683 379 2740; x_wconf 88' lang='lat' dir='ltr'>Herodes</span> <span class='ocrx_word' id='word_1_201' title='bbox 401 2683 490 2760; x_wconf 87' lang='lat' dir='ltr'>impie</span> <span class='ocrx_word' id='word_1_202' title='bbox 513 2681 633 2740; x_wconf 88' lang='lat' dir='ltr'>molitur</span> <span class='ocrx_word' id='word_1_203' title='bbox 655 2680 800 2740; x_wconf 87' lang='lat' dir='ltr'>occidere:</span> <span class='ocrx_word' id='word_1_204' title='bbox 830 2680 880 2739; x_wconf 89' lang='lat' dir='ltr'>sed</span> <span class='ocrx_word' id='word_1_205' title='bbox 898 2613 1060 2911; x_wconf 46' lang='lat' dir='ltr'>Dominlq</span> 
     </span>
     <span class='ocr_line' id='line_1_27' title="bbox 142 2774 1048 2852; baseline -0.003 -15"><span class='ocrx_word' id='word_1_206' title='bbox 142 2783 187 2838; x_wconf 88' lang='lat' dir='ltr'>est</span> <span class='ocrx_word' id='word_1_207' title='bbox 207 2777 344 2850; x_wconf 90' lang='lat' dir='ltr'>omnium,</span> <span class='ocrx_word' id='word_1_208' title='bbox 365 2797 450 2852; x_wconf 90' lang='lat' dir='ltr'>quem</span> <span class='ocrx_word' id='word_1_209' title='bbox 472 2776 552 2851; x_wconf 88' lang='lat' dir='ltr'>Magi</span> <span class='ocrx_word' id='word_1_210' title='bbox 571 2776 700 2851; x_wconf 86' lang='lat' dir='ltr'>gaudent</span> <span class='ocrx_word' id='word_1_211' title='bbox 723 2774 892 2851; x_wconf 88' lang='lat' dir='ltr'>suppliciter</span> <span class='ocrx_word' id='word_1_212' title='bbox 912 2776 1048 2845; x_wconf 77' lang='lat' dir='ltr'>adorare,</span> 
     </span>
     <span class='ocr_line' id='line_1_28' title="bbox 141 2868 1046 2952; baseline 0.007 -22"><span class='ocrx_word' id='word_1_213' title='bbox 141 2873 160 2930; x_wconf 86' lang='lat' dir='ltr'><strong>J</strong></span> <span class='ocrx_word' id='word_1_214' title='bbox 162 2892 207 2930; x_wconf 90' lang='lat' dir='ltr'>am</span> <span class='ocrx_word' id='word_1_215' title='bbox 221 2891 287 2930; x_wconf 86' lang='lat' dir='ltr'>cum</span> <span class='ocrx_word' id='word_1_216' title='bbox 307 2871 342 2928; x_wconf 83' lang='lat' dir='ltr'>ud</span> <span class='ocrx_word' id='word_1_217' title='bbox 362 2870 544 2945; x_wconf 81' lang='lat' dir='ltr'>praecursoris</span> <span class='ocrx_word' id='word_1_218' title='bbox 563 2868 609 2926; x_wconf 90' lang='lat' dir='ltr'>sui</span> <span class='ocrx_word' id='word_1_219' title='bbox 621 2869 742 2929; x_wconf 85' lang='lat' dir='ltr'>Joannis</span> <span class='ocrx_word' id='word_1_220' title='bbox 759 2869 936 2944; x_wconf 88' lang='lat' dir='ltr'>baptismum</span> <span class='ocrx_word' id='word_1_221' title='bbox 948 2875 1046 2952; x_wconf 86' lang='lat' dir='ltr'>venit,</span> 
     </span>
     <span class='ocr_line' id='line_1_29' title="bbox 142 2965 1046 3047; baseline 0 -21"><span class='ocrx_word' id='word_1_222' title='bbox 142 2968 314 3039; x_wconf 87' lang='lat' dir='ltr'>ne&#39;lateret,</span> <span class='ocrx_word' id='word_1_223' title='bbox 335 2967 412 3043; x_wconf 91' lang='lat' dir='ltr'>quod</span> <span class='ocrx_word' id='word_1_224' title='bbox 433 2966 527 3025; x_wconf 87' lang='lat' dir='ltr'>camis</span> <span class='ocrx_word' id='word_1_225' title='bbox 546 2965 689 3024; x_wconf 85' lang='lat' dir='ltr'>velamine</span> <span class='ocrx_word' id='word_1_226' title='bbox 710 2965 859 3024; x_wconf 84' lang='lat' dir='ltr'>Divinitas</span> <span class='ocrx_word' id='word_1_227' title='bbox 881 2968 1046 3047; x_wconf 77' lang='lat' dir='ltr'>tegeretur,</span> 
     </span>
     <span class='ocr_line' id='line_1_30' title="bbox 141 3060 1050 3136; baseline 0.001 -16"><span class='ocrx_word' id='word_1_228' title='bbox 141 3082 201 3120; x_wconf 81' lang='lat' dir='ltr'>vox</span> <span class='ocrx_word' id='word_1_229' title='bbox 215 3061 318 3132; x_wconf 84' lang='lat' dir='ltr'>Patris,</span> <span class='ocrx_word' id='word_1_230' title='bbox 333 3062 368 3119; x_wconf 90' lang='lat' dir='ltr'>de</span> <span class='ocrx_word' id='word_1_231' title='bbox 389 3062 459 3120; x_wconf 85' lang='lat' dir='ltr'>eaelo</span> <span class='ocrx_word' id='word_1_232' title='bbox 478 3062 620 3134; x_wconf 88' lang='lat' dir='ltr'>intonans,</span> <span class='ocrx_word' id='word_1_233' title='bbox 637 3061 723 3135; x_wconf 83' lang='lat' dir='ltr'>dixit,</span> <span class='ocrx_word' id='word_1_234' title='bbox 737 3061 798 3120; x_wconf 72' lang='lat' dir='ltr'>Hic</span> <span class='ocrx_word' id='word_1_235' title='bbox 810 3063 850 3118; x_wconf 83' lang='lat' dir='ltr'>eet</span> <span class='ocrx_word' id='word_1_236' title='bbox 861 3060 946 3136; x_wconf 75' lang='lat' dir='ltr'>filius</span> <span class='ocrx_word' id='word_1_237' title='bbox 966 3083 1050 3125; x_wconf 70' lang='lat' dir='ltr'>mesae</span> 
     </span>
     <span class='ocr_line' id='line_1_31' title="bbox 142 3154 1084 3232; baseline 0.004 -18"><span class='ocrx_word' id='word_1_238' title='bbox 142 3157 265 3229; x_wconf 77' lang='lat' dir='ltr'>dilectus,</span> <span class='ocrx_word' id='word_1_239' title='bbox 282 3158 311 3214; x_wconf 80' lang='lat' dir='ltr'>in</span> <span class='ocrx_word' id='word_1_240' title='bbox 324 3175 376 3232; x_wconf 82' lang='lat' dir='ltr'>quo</span> <span class='ocrx_word' id='word_1_241' title='bbox 389 3156 461 3214; x_wconf 71' lang='lat' dir='ltr'>mibi</span> <span class='ocrx_word' id='word_1_242' title='bbox 473 3156 535 3215; x_wconf 79' lang='lat' dir='ltr'>bene</span> <span class='ocrx_word' id='word_1_243' title='bbox 547 3156 703 3231; x_wconf 79' lang='lat' dir='ltr'>complacui.</span> <span class='ocrx_word' id='word_1_244' title='bbox 746 3156 838 3221; x_wconf 77' lang='lat' dir='ltr'>Quem</span> <span class='ocrx_word' id='word_1_245' title='bbox 852 3154 952 3232; x_wconf 81' lang='lat' dir='ltr'>itaque</span> <span class='ocrx_word' id='word_1_246' title='bbox 967 3159 1050 3222; x_wconf 88' lang='lat' dir='ltr'>sieut</span> <span class='ocrx_word' id='word_1_247' title='bbox 1079 3178 1084 3189; x_wconf 95' lang='lat'><strong>·</strong></span> 
     </span>
     <span class='ocr_line' id='line_1_32' title="bbox 141 3248 1048 3323; baseline 0.008 -16"><span class='ocrx_word' id='word_1_248' title='bbox 141 3250 287 3308; x_wconf 89' lang='lat' dir='ltr'>hominem</span> <span class='ocrx_word' id='word_1_249' title='bbox 307 3250 446 3309; x_wconf 86' lang='lat' dir='ltr'>diabolica</span> <span class='ocrx_word' id='word_1_250' title='bbox 464 3254 559 3309; x_wconf 87' lang='lat' dir='ltr'>tentat</span> <span class='ocrx_word' id='word_1_251' title='bbox 579 3251 694 3323; x_wconf 82' lang='lat' dir='ltr'>astutia,</span> <span class='ocrx_word' id='word_1_252' title='bbox 711 3250 804 3309; x_wconf 89' lang='lat' dir='ltr'>eidem</span> <span class='ocrx_word' id='word_1_253' title='bbox 824 3248 900 3308; x_wconf 88' lang='lat' dir='ltr'>sicut</span> <span class='ocrx_word' id='word_1_254' title='bbox 913 3250 977 3310; x_wconf 90' lang='lat' dir='ltr'>Deo</span> <span class='ocrx_word' id='word_1_255' title='bbox 991 3274 1048 3314; x_wconf 85' lang='lat' dir='ltr'>an-</span> 
     </span>
     <span class='ocr_line' id='line_1_33' title="bbox 126 3344 1048 3425; baseline 0.007 -20"><span class='ocrx_word' id='word_1_256' title='bbox 126 3345 230 3423; x_wconf 76' lang='lat' dir='ltr'>gelica</span> <span class='ocrx_word' id='word_1_257' title='bbox 254 3346 440 3409; x_wconf 74' lang='lat' dir='ltr'>famulantur</span> <span class='ocrx_word' id='word_1_258' title='bbox 466 3345 567 3408; x_wconf 85' lang='lat' dir='ltr'>officia.</span> <span class='ocrx_word' id='word_1_259' title='bbox 612 3347 739 3424; x_wconf 79' lang='lat' dir='ltr'>Esmiro,</span> <span class='ocrx_word' id='word_1_260' title='bbox 767 3344 855 3421; x_wconf 88' lang='lat' dir='ltr'>sitire,</span> <span class='ocrx_word' id='word_1_261' title='bbox 879 3346 1048 3425; x_wconf 81' lang='lat' dir='ltr'>lassescere,</span> 
     </span>
    </p>
   </div>
   <div class='ocr_carea' id='block_1_5' title="bbox 1060 3490 1077 3583">
    <p class='ocr_par' dir='ltr' id='par_1_5' title="bbox 1060 3490 1077 3583">
     <span class='ocr_line' id='line_1_34' title="bbox 1060 3490 1077 3583; baseline 0 0"><span class='ocrx_word' id='word_1_262' title='bbox 1060 3490 1077 3583; x_wconf 79' lang='lat' dir='ltr'>l</span> 
     </span>
    </p>
   </div>
   <div class='ocr_carea' id='block_1_6' title="bbox 0 0 1182 3780">
    <p class='ocr_par' dir='ltr' id='par_1_6' title="bbox 0 0 1182 3780">
     <span class='ocr_line' id='line_1_35' title="bbox 0 0 1182 3780; baseline 0 0"><span class='ocrx_word' id='word_1_263' title='bbox 0 0 1182 3780; x_wconf 95' lang='lat' dir='ltr'> </span> 
     </span>
    </p>
   </div>
  </div>
 </body>
</html>
