2356 3780
407 275 445 313 an
464 274 633 314 rnnvrnnum
650 275 791 315 nrrsrorn.
993 257 1048 313 183

146 463 254 502 caraem
277 447 304 501 ct
328 461 387 500 orac
410 461 464 500 coa
487 441 574 514 halal,
597 442 669 499 siout
689 462 732 500 mo
753 443 851 501 videlic
874 442 989 500 labae:
1014 445 1050 499 ut

145 541 345 613 agnosceretur
366 538 397 595 in
418 556 452 596 eo
473 536 633 613 proprietas
654 536 761 596 divinae
782 539 974 615 humanaeque
996 557 1047 595 na·

144 637 218 693 turae
244 633 396 693 individua
422 652 605 709 permanere;
633 638 663 691 et
689 633 732 691 ita
759 634 895 693 sciremus
914 634 1045 693 Verbum

143 747 202 786 non
224 717 362 788 hoc'esse
386 729 462 806 quod
487 747 610 800 carnem,
634 732 669 786 ut
690 748 781 786 unum
804 729 861 787 Dei
883 729 993 788 Filium
1016 735 1047 788 et

145 824 274 883 Verbum
288 825 489 884 confiteremur
502 827 532 884 et
545 843 667 882 carnem.
709 825 774 890 Quo
787 825 855 884 fidei
870 831 1045 886 sacramento

148 921 296 997 Eutyches
309 920 364 979 iste
384 919 506 978 nimium
527 919 712 979 aestimandus
731 924 776 978 est
788 939 905 993 vacuus,
922 921 974 996 qui
993 940 1044 978 na·
1067 936 1069 940 ·

145 1020 241 1074 turam
260 1020 387 1076 nostram
406 1017 437 1074 in
450 1016 607 1093 Unigenito
627 1016 692 1089 Dei,
707 1035 760 1075 noc
780 1035 831 1092 per
850 1015 1045 1075 humilitatem

144 1112 337 1185 mortalitatis,
366 1133 419 1171 nec
444 1132 497 1188 per
523 1112 644 1188 gloriam
675 1111 891 1171 resurrectionis
917 1113 1043 1186 agnovit.

145 1209 175 1266 N
176 1229 207 1268 ec
228 1208 399 1268 senteutiam
417 1208 496 1270 beati
509 1209 642 1286 Apostoli
662 1212 693 1267 et
712 1207 906 1282 Evangelistae
926 1208 945 1266 J
946 1208 1045 1266 oannis

146 1306 267 1382 expavit
289 1305 421 1377 dicentis,
448 1305 545 1364 Omnia
565 1306 695 1380 spiritua,
718 1305 768 1382 qui
788 1306 932 1381 coafitetur
950 1305 1046 1363 Jnsmr

145 1401 329 1458 Cumarum
315 1421 346 1459 aa
362 1420 443 1459 carae
460 1401 569 1473 ccciccc,
586 1420 619 1458 aa·
631 1402 693 1459 Deo
707 1404 765 1459 art:
785 1400 911 1458 clomaia
926 1401 1046 1473 spiritua
1066 1387 1070 1394 ’

145 1515 193 1570 quc
190 1495 288 1553 coivit
300 1496 404 1569 Jrsurr,
420 1517 453 1554 ao
465 1498 524 1555 Deo
542 1516 596 1555 aaa
619 1502 667 1569 oct,
683 1495 772 1554 clleo
785 1501 826 1554 cst
838 1496 1051 1554 Antichristus

147 1589 224 1654 Quid
246 1595 343 1650 autem
367 1596 411 1650 est
434 1592 543 1651 solvere
564 1594 671 1666 Jnsru,
694 1591 752 1650 nisi
773 1592 930 1650 humanam
951 1593 987 1651 ab
1011 1613 1044 1652 eo

145 1705 275 1761 separare
288 1691 431 1761 naturam,
448 1692 478 1747 et
494 1692 712 1761 sacramentum,
728 1708 780 1766 per
792 1689 870 1765 quod
881 1709 974 1747 unum
988 1691 1043 1747 sal·

142 1783 204 1841 vati
218 1803 325 1857 sumus,
326 1785 597 1892 impudentissimis
610 1805 748 1846 evacuare
753 1786 926 1896 figmentis?
952 1785 1043 1941 esOali-

141 1973 445 2082 effluens
474 1978 611 2067 ejus
567 1979 666 2037 eadem
694 1903 883 2039 obcaecalioiia
909 1885 1081 2060 desipiat.

142 2069 254 2127 Nam
232 2090 256 2128 s1
269 2090 383 2130 crucem
396 2056 515 2132 Domini
533 2095 591 2133 non
536 2048 694 2151 psi
745 2094 814 2147 sam,
830 2079 861 2134 et
876 2079 1042 2150 susceptum

140 2179 192 2236 pro
205 2163 307 2219 mundi
327 2164 428 2223 salute
434 2167 609 2243 supplicium
622 2185 724 2224 verum
741 2165 831 2224 finisse
843 2186 902 2224 non
915 2166 1039 2225 dubitat.

140 2255 224 2332 cujus
241 2257 333 2316 credit
352 2264 480 2334 mortem,
494 2266 629 2336 agnoscat
649 2267 678 2320 et
698 2279 829 2318 carnem:
851 2280 905 2319 nec
918 2261 1039 2320 diffitea-

140 2353 191 2409 tur
203 2352 295 2410 nostri
309 2354 433 2429 corporis
446 2355 600 2429 hominem,
615 2376 702 2432 quem
716 2355 860 2431 cognoscit
872 2355 960 2414 fuisse
972 2375 1036 2432 pas-

140 2446 269 2505 sibilem:
289 2448 425 2524 quoniam
437 2450 552 2524 negatio
563 2470 637 2509 verae
651 2451 753 2524 carnis,
766 2451 881 2526 negatio
895 2456 939 2510 est
952 2451 1040 2511 etiam

139 2561 281 2618 corporea
294 2543 442 2620 passionis.
484 2545 515 2604 si
529 2564 596 2621 ergo
609 2545 794 2605 christianam
808 2547 929 2623 suscipit
941 2547 1037 2620 fidem,

139 2641 170 2696 et
182 2658 200 2696 a
212 2638 418 2714 praedicatione
435 2641 588 2716 Evangelii
602 2661 687 2700 suum
700 2661 759 2699 non
772 2641 879 2702 avertit
896 2642 1037 2714 auditum,

137 2734 236 2794 videat
249 2754 315 2811 quae
329 2742 433 2795 natura
445 2737 586 2796 transfixa
606 2736 695 2796 clavis
714 2737 885 2813 pependerit
901 2738 933 2796 in
946 2738 1039 2797 crucis

136 2827 226 2904 ligno,
242 2834 273 2890 et
287 2835 385 2906 aperto
398 2849 450 2907 per
462 2832 566 2892 militis
583 2834 711 2891 lanceam
728 2833 818 2891 latere
836 2832 979 2903 crucifixi,
992 2833 1037 2891 in-

137 2923 252 3000 telligat
265 2926 341 2984 unde
358 2926 476 3002 sanguis
496 2930 526 2987 et
543 2947 618 3004 aqua
637 2927 767 3000 fluxerit,
782 2930 818 2986 ut
836 2926 965 2985 Ecclesia
984 2927 1038 2986 Dei

136 3023 167 3077 et
183 3019 299 3079 lavacro
316 3021 460 3096 rigaretur
478 3026 508 3083 et
527 3023 638 3100 poculo.
680 3023 791 3081 Audiat
808 3027 837 3080 et
853 3023 970 3081 beatum
983 3023 1037 3081 Pe·

134 3117 214 3172 trum
229 3117 402 3192 Apostolum
419 3117 632 3195 praedicantmr,
648 3118 726 3195 quod
744 3117 930 3178 sanctificatio
945 3117 1035 3195 Spiri-

133 3211 183 3267 tus
195 3229 247 3287 per
260 3211 451 3289 aspersionem
465 3214 517 3273 fiat
535 3213 683 3289 sanguinis
697 3213 813 3274 Christi.
855 3213 917 3271 Nec
931 3213 1035 3272 transi-

134 3304 207 3364 torie
230 3306 311 3382 legat
335 3308 462 3386 ejusdem
484 3310 616 3387 Apostoli
635 3311 724 3370 verba
747 3309 877 3380 dicentis,
903 3310 1032 3383 Sciratae,

134 3402 205 3477 quod
216 3422 270 3462 aaa
283 3404 517 3480 animabilibus,
529 3412 638 3484 argento
652 3411 679 3466 ot
691 3426 768 3481 curo,
781 3406 915 3483 redempti
923 3407 989 3465 ostia
1002 3408 1035 3463 de
