2356 3780
201 228 244 288 '50
490 243 525 285 ι.
540 241 656 283 cumn
675 241 791 282 mos.

206 433 277 504 βόθη
296 436 343 488 τοῦ
359 434 437 499 Θεοῦ,
450 432 481 486 τδ
500 430 543 486 ἐπὶ
559 432 606 486 τὸν
627 427 726 503 Κύριον
742 427 847 499 Ἰησοῦν
865 431 981 502 Χριστὸν
1000 431 1028 485 ίν
1044 427 1107 484 ε’ίδει

205 531 360 604 περιστερᾶς
380 526 514 591 κατελθὸν,
534 527 565 583 τδ
586 529 613 582 ε’ν
633 529 702 604 νόμιρ
729 529 770 582 καί
789 523 936 601 προφήταις
954 527 1105 600 ε’νεργήσαν,

205 628 236 682 τό
250 627 307 682 καίν
325 630 355 681 ὒν
374 626 438 681 κατὰ
455 627 502 680 τὸν
521 626 609 698 καιρὸν
629 629 675 680 τοῦ
693 626 874 696 βαπτίσματος
896 625 1044 698 σφραγίζον
1058 646 1110 679 σου

204 724 252 795 τήν
264 723 364 797 ψυχήν·
385 721 417 777 οὗ
437 723 477 778 καί
499 725 573 778 πᾶσο
589 723 664 794 νοητή
686 721 769 796 φύσις
789 721 880 795 χρείαν
897 722 953 793 ἔχει
968 722 1014 792 τῆς
1034 722 1107 794 όγιό-

204 844 289 892 τητος,
304 821 341 878 είς
355 818 369 874 δ
381 820 580 891 βλασφημήσαί
594 843 634 878 τις
654 821 699 875 ε’ἆν
710 817 841 890 τολμήσῃ,
855 818 903 873 ούιι
923 820 978 891 ἔχει
998 818 1105 890 ἄφεσιν,

205 921 264 974 οὔτε
278 918 306 973 ε’ν
318 920 354 993 τῷ
369 916 442 972 αίῶνι
458 915 550 991 τούτῳ,
566 921 627 972 οὕτε
641 918 668 973 ε’ν
680 920 718 992 τῷ
730 917 866 988 μέλλοντι,
881 913 945 988 ὅπερ
959 915 1010 971 οὖν
1022 915 1106 988 Πατρλ

206 1020 248 1070 καὶ
261 1016 314 1090 Υίῷ
326 1016 357 1084 τῇ
370 1015 415 1084 τής
433 1015 560 1084 Θεότητος
573 1015 636 1085 δόξη
649 1014 790 1085 τετίμηται,
803 1011 834 1067 ού
848 1013 892 1068 καὶ
909 1013 1000 1084 χρείαν
1012 1013 1107 1084 ἔχουσι

205 1112 292 1184 θρόνοι
306 1112 348 1167 καί
361 1112 515 1183 κυριότητες,
535 1110 613 1184 ἀρχαί
634 1113 675 1166 καί
691 1110 817 1180 ἐξουσίαι·
839 1106 884 1167 Είς
896 1110 947 1184 γάρ
962 1110 1019 1164 ε’στι
1032 1109 1105 1178 θεὸς,

205 1211 279 1267 ότοΰ
293 1211 408 1279 Χριστοῦ
429 1207 529 1280 Πατήρ,
544 1210 585 1263 καὶ
603 1204 640 1266 είς
659 1206 753 1283 Κύριος
771 1208 874 1278 Ἰησοῦς
887 1207 1010 1281 Χριστός,
1026 1210 1040 1262 ὁ
1058 1209 1105 1261 τοῦ

203 1308 283 1378 μόνον
303 1309 370 1361 Θεοῦ
386 1305 525 1378 μονογενής
544 1305 615 1370 Υίδς,
634 1307 675 1362 καὶ
698 1305 725 1360 ἓν
739 1308 770 1361 τὸ
793 1309 899 1376 Πνεῦμα
914 1302 1055 1378 τδἈγιον,
1074 1302 1105 1360 τό

204 1406 307 1460 πάντων
324 1403 483 1477 ἀγιαστικδν,
499 1405 540 1458 καὶ
556 1404 683 1468 θεοποιδν,
704 1405 735 1459 τδ
753 1403 781 1457 ε’ν
800 1405 869 1477 νόμῳ
889 1403 931 1457 καί
948 1399 1105 1476 προφήταις,

204 1504 303 1574 παλαιᾷ
315 1524 344 1556 τε
358 1502 400 1555 καί
414 1504 485 1570 καινή
500 1500 614 1573 διαθήκη,
630 1502 759 1571 λαλήσαν.

247 1596 292 1655 17.
313 1595 412 1667 Ταύτην
424 1598 470 1668 ἔχε
488 1598 534 1669 τήν
550 1598 685 1671 σφραγῖδα
705 1597 732 1652 ἐν
751 1600 782 1668 τῇ
801 1596 899 1668 διανοίη
917 1617 967 1652 σου
986 1595 1105 1664 πάντοτε,

205 1693 260 1764 ήτις
281 1698 326 1750 νῦν
344 1696 392 1766 μὲν
408 1697 471 1751 κατὰ
487 1696 714 1768 ἀνακεφαλαίωσιν
731 1695 873 1769 όκροθιγῶς
892 1695 936 1749 σοὶ
956 1690 1062 1767 ε’ίρηται,
1082 1693 1106 1748 εί

204 1793 233 1848 δί
249 1795 383 1866 παράσχοι
402 1795 416 1846 ό
433 1791 535 1867 Κύριος,
551 1794 616 1865 μετὰ
635 1794 680 1864 τῆς
699 1793 727 1848 ε’κ
747 1799 798 1848 τῶν
817 1794 927 1866 γραφῶν
950 1789 1105 1856 ἀποδείξεως

205 1890 269 1944 κατὰ
283 1889 389 1960 δύναμιν
407 1889 557 1963 ῥηθήσεται.
598 1892 646 1946 Δεῖ
662 1889 713 1963 γὰρ
730 1892 789 1964 περὶ
807 1895 859 1944 τῶν
878 1889 954 1945 θείων
970 1889 1012 1943 καὶ
1025 1889 1106 1961 ἁγίων

205 1988 250 2056 τῆς
263 1986 377 2043 πίστεως
389 1989 538 2061 μυστηρίων
550 1988 614 2058 μηδὲ
634 1989 664 2043 τὸ
684 1989 764 2058 τνχδν
784 1987 844 2042 ἄνευ
862 1990 914 2042 τῶν
934 1985 1009 2041 θείων
1021 2007 1104 2058 παρα·

205 2082 325 2138 δίδοσθαι
338 2083 457 2157 γραφῶν,
473 2085 514 2139 καί
532 2084 566 2156 μή
585 2084 674 2141 ἁπλῶς
694 2082 847 2153 πιθανότησι
864 2084 905 2138 καί
920 2083 1008 2155 λόγων
1026 2103 1104 2138 κατα·

205 2182 310 2235 σκευαῖς
330 2178 537 2251 παραφέρεσθαι.
580 2180 653 2248 Μηδὲ
680 2180 736 2250 ε’μοὶ
762 2185 799 2256 τῷ
825 2180 905 2234 τοῦτό
930 2201 975 2234 σοι
1000 2175 1106 2251 λέγοντι

205 2276 296 2331 ἁπλῶς
305 2273 459 2346 πιστεύσῃς,
473 2276 518 2332 ε’ὰν
530 2277 576 2348 τήν
589 2275 721 2345 ἀπόδειξιν
734 2280 785 2330 τῶν
795 2273 1041 2349 καταγγελλομόνων
1054 2274 1106 2330 ἀπὸ

205 2379 257 2430 τῶν
270 2373 346 2429 θείων
358 2373 393 2443 μή
405 2376 491 2444 λόβης
504 2374 623 2448 γραφῶν.
650 2371 685 2428 ‘H
701 2372 816 2445 σωτηρία
829 2372 880 2446 γὰρ
890 2367 953 2440 αύτη
967 2373 1012 2440 τής
1025 2371 1104 2427 πίστ-

205 2493 252 2528 ειος
266 2469 337 2543 ἡμῶν
350 2471 396 2526 ούκ
415 2471 445 2540 ἐξ
458 2470 648 2545 εύρεσιλογίας,
662 2469 733 2524 ἀλλὰ
746 2469 776 2538 ἐξ
790 2468 945 2538 ἀποδείξεως
965 2473 1016 2523 τῶν
1029 2462 1105 2524 θείων

204 2567 327 2640 ε’στίγρα
351 2571 393 2623 ὢν.

556 2720 627 2766 ΠΕΡΙ
643 2716 759 2764 muz

248 2834 296 2890 18.
318 2835 392 2890 Μετὰ
408 2834 436 2888 δὲ
452 2807 618 2907 τήνιγνῶσιν
638 2835 683 2903 τῆς
708 2833 804 2903 σεμνῆς
829 2833 869 2886 καί
887 2830 992 2900 ε’νδόξου
1013 2829 1107 2902 ταύτης

207 2931 248 2986 καὶ
262 2932 386 3003 παναγίας
400 2930 522 2998 πίστεως,
538 2932 580 2985 καὶ
594 2929 704 2984 σεαυτὸν
721 2926 801 3004 γνῶθι
821 2930 914 2984 λοιπὸν
933 2927 1007 2985 όστις
1021 2924 1052 2992 εί,
1067 2926 1108 2982 ότι

208 3027 316 3082 διπλοῦς
327 3026 461 3099 ἅνθρωπος
475 3025 641 3096 καθέστηκας,
656 3025 685 3080 ε’κ
697 3026 788 3098 φυχῆς
802 3025 886 3080 τεκαὶ
907 3026 1025 3096 πόματος
1041 3047 1106 3098 συγ·

208 3123 329 3191 κείμενος·
370 3122 411 3175 καί
432 3120 481 3188 ότι,
496 3119 579 3178 καθῶς
591 3123 643 3193 πρδ
656 3121 770 3193 βραχέος
783 3117 889 3192 ε’ίρηται,
912 3124 927 3176 ό
947 3121 1023 3178 αύτδς
1042 3118 1109 3177 Θεδς

207 3218 314 3286 καὶτῆς
337 3218 427 3290 ψυχῆς
444 3219 486 3272 καὶ
507 3221 553 3273 τοῦ
575 3221 695 3290 σώματός
715 3217 773 3273 ε’στι
789 3219 950 3291 δημιουργός.
992 3219 1042 3272 Καὶ
1064 3219 1107 3290 γί-

208 3336 301 3378 νωσκε,
317 3313 357 3368 ότι
372 3314 463 3386 ψυχήν
484 3315 552 3385 ἔχεις
571 3312 748 3385 αὐτεξούσιον,
767 3315 844 3388 ἔργον
865 3318 932 3370 Θεοῦ
952 3317 1107 3378 κάλλιστον,

197 3410 262 3464 κατ’
271 3411 360 3466 εἰκόνα
373 3414 420 3465 τοῦ
437 3413 614 3481 πεποιηκότος,
632 3412 758 3468 όθόνατον
771 3412 813 3468 διὸ
830 3411 876 3468 τόν
889 3411 1108 3480 όπαθανατίζοντα
