2356 3780
168 229 206 282 20
491 245 643 285 υααιυιςιο
663 245 746 285 mm

167 415 237 484 ήμῶν
258 418 401 480 Βασιλέων,
427 421 575 488 Μαρκιανοῦ
601 420 642 472 καί
667 419 879 474 Οὐαλεντινιανοῦ
900 418 1065 492 Αὐγούστου,

167 512 337 584 συναχθεῖσα,
356 509 394 566 Ιέν
419 516 449 581 τῇ
480 514 671 585 Καλχηδονέων
697 519 856 588 μητροπόλει
882 517 927 584 τῆς
954 514 1067 569 Βιθυνῶν

167 610 298 680 ἐπαρχίας,
314 610 341 663 ἐν
358 614 395 684 τῷ
412 610 544 684 μαρτυρίιρ
556 614 601 679 τῆς
620 612 694 684 ἁγίας
712 614 754 667 καὶ
772 612 922 667 καλλινίκου
939 596 1067 684 μάρτυρος

166 684 407 776 Εύφημίαςίῶρισε
417 709 453 760 .τά
466 708 668 780 ὑποτεταγμένα·

204 800 234 855 ‘O
252 810 368 855 ΚΥΡΙΟΣ
388 801 458 869 ήμῶν
472 805 512 857 καὶ
525 803 622 874 Σωτήρ,
641 803 744 872 Ἰησοῦς
757 805 880 876 Χριστὸς,
896 807 941 874 τῆς
953 804 1067 862 πίστεως

165 899 211 967 τήν
230 905 328 971 γνῶσιν
347 901 401 955 τοῖς
421 900 544 969 μαθηταῖς
564 903 688 966 βεβαιῶν,
708 903 768 972 ἐφη·
788 899 919 973 Ἐἰρήνην
938 901 984 970 τήν
1005 901 1068 971 ἐμήν

167 996 260 1065 ἀφίημι
274 998 343 1062 ὑμῖν,
358 995 460 1069 εἰρήνην
472 998 519 1068 τήν
532 998 595 1068 ἐμήν
607 999 698 1067 δίδωμι
713 994 789 1067 ὖμῖν·’
813 999 882 1052 ὥστε
894 998 989 1067 μηδένα
1001 1001 1067 1069 πρὸς

165 1095 210 1146 τὸν
230 1094 345 1161 πλησίον
365 1094 549 1165 διαφωνεῖνέν
566 1098 620 1151 τοῖς
641 1097 754 1166 δόγμασι
774 1097 819 1164 τής
839 1094 982 1159 εύσεβείας,
1004 1090 1065 1149 ἀλλ’

150 1191 354 1260 μ’ττέοηςάπασι
367 1194 397 1246 τὸ
411 1193 456 1260 τῆς
469 1191 591 1257 ἀληθείας
604 1190 797 1246 ἐπιδείκνυσθαι
813 1188 937 1262 κήρυγμα.
961 1190 1066 1259 Ἐπειδὴ

6 1200 106 1385 «Α
165 1285 193 1338 δέ
213 1286 243 1339 οὐ
263 1285 370 1341 παύεται
392 1287 433 1340 διὰ
454 1290 504 1359 τῶν
528 1289 619 1340 ἑαυτοῦ
644 1286 794 1353 ζιζανίωνό
817 1286 928 1358 πονηρὸς
948 1289 1001 1342 τοῖς
1022 1287 1067 1356 τής

110 1372 115 1377 ’
164 1382 299 1446 εὐσεβείας
312 1382 486 1453 ἐπιφυόμενος
505 1381 648 1454 σπέρμασι,
662 1381 704 1436 καί
722 1404 747 1436 τι
760 1383 846 1437 καινὸν
860 1383 922 1436 κατὰ
935 1384 981 1451 τῆς
1001 1382 1064 1450 ἀλη-

165 1473 234 1536 θείας
248 1479 412 1550 ἐφευρίσκων
425 1479 473 1540 ἀεὶ,
490 1481 531 1534 διὰ
545 1484 621 1533 τοῦτο
635 1478 931 1566 συνήθωςρ-μεσπότης
940 1477 1064 1550 προνοού-

163 1596 239 1643 μενος
252 1566 470 1647 τοῦάνθρωπίνου
487 1575 585 1648 γένους,
599 1575 645 1631 τάν
664 1577 763 1644 εὐσεβῆ
777 1577 922 1630 τοῦτονκαὶ
940 1579 1065 1630 πιστότα·

163 1692 208 1724 τον
229 1672 294 1742 πρός
318 1674 397 1741 ζῆλον
419 1671 548 1760 ἀνέσῃαε
571 1672 699 1739 βασιλέα,
716 1674 758 1728 καί
781 1673 842 1729 τοὺς
863 1675 995 1742 ἁπανταχῆ
1020 1674 1065 1740 τῆς

159 1767 396 1858 ἰκεμῃύνημτρὸς
423 1769 514 1852 ἑαυτὸν
540 1770 670 1842 ἀρχηγοὺς
691 1771 880 1832 συνεκάλεσεν,
915 1771 993 1830 ὥστε,
1021 1771 1065 1837 τής
1124 1784 1127 1788 ’
1149 1788 1151 1794 “

150 1852 269 1936 ’χάριτος
295 1871 341 1920 τοῦ
371 1868 473 1922 πάντων
500 1865 570 1936 ἡμῶν
591 1869 728 1922 Δεσπότου
755 1869 871 1940 Χριστοῦ
898 1863 1062 1938 ἐνεργούσης,

163 1965 257 2016 πᾶσαν
271 1962 317 2032 μέν
337 1967 383 2018 τοῦ
401 1962 518 2035 ψεύδους
530 1969 581 2018 τῶν
598 1967 644 2017 τοῦ
664 1967 780 2035 Χριστοῦ
797 1965 937 2036 προβάτων
954 1961 1064 2018 ἀποσεί-

164 2058 263 2112 σασθαι
281 2055 373 2128 λύμην,
388 2063 441 2118 τοῖς
462 2061 490 2114 δέ
509 2063 554 2130 τῆς
569 2059 696 2130 ἀληθείας
709 2059 787 2130 αύτήν
807 2062 978 2115 καταπιαίνειν
995 2061 1063 2124 βλα-

165 2153 303 2224 στήμασιν.
322 2153 358 2211 ⁶0
373 2159 403 2228 δή
419 2159 460 2212 καὶ
474 2157 656 2228 πεποιήκαμεν,
671 2161 742 2228 κοινή
756 2156 851 2232 ψήφηί
861 2159 893 2211 τὰ
906 2159 951 2226 τῆς
966 2137 1115 2226 ππ

135 2283 140 2293 ·
157 2234 339 2310 ἁπέλῖιᾞαντες
352 2255 475 2327 δόγματα,
488 2255 535 2325 τήν
554 2256 582 2310 δέ
597 2254 699 2325 ἀπλανή
712 2261 763 2310 τῶν
780 2253 902 2326 Πατέρων
918 2253 1064 2309 ἀνανεωσό-

163 2371 235 2418 μενοι
247 2349 345 2418 πίστιν,
361 2352 391 2406 τδ
404 2357 456 2406 τῶν
469 2351 624 2423 τριακοσίων
637 2352 765 2436 δεκαοκτὼ
780 2346 918 2416 σύμβαλον
930 2353 985 2406 τοῖς
997 2353 1064 2405 πᾶσι

163 2444 324 2518 κηρύξαντες,
339 2449 381 2503 καί
400 2449 433 2505 ὡς
452 2448 560 2504 οἰκείους
578 2447 638 2504 τοὺς
657 2451 734 2502 τοῦτο
752 2449 781 2501 τὸ
802 2444 917 2516 σύνθεμα
930 2448 975 2515 τῆς
989 2446 1070 2498 εἰσετ

162 2545 236 2609 βείας
250 2542 402 2615 δεξαμένους
421 2545 537 2617 Πατέρας
543 2544 771 2634 ἐπιγρμύόμενρι,
787 2507 949 2613 οῇεχρείσίν
962 2543 987 2594 οί
999 2541 1064 2611 μετὰ

163 2643 242 2694 ταῦτα
263 2640 290 2693 ἐν
308 2664 339 2711 τη
360 2643 460 2714 μεγιθιη
484 2642 754 2696 Κωυσταντινουπόλει
773 2637 942 2694 συνελθόντες
959 2636 1008 2713 ρν’,
1023 2642 1064 2692 καὶ
1110 2623 1117 2641 ⁰

163 2735 236 2790 αὐτοὶ
248 2735 295 2805 τήν
313 2737 391 2807 αὐτήν
409 2738 664 2810 ἐπισφραγισάμενοι
682 2736 780 2791 πίστιν.
820 2733 955 2806 Ὀρίζαμεν
968 2733 1063 2796 τοίνυν,

165 2827 224 2902 (τήν
236 2833 310 2901 τάξιν
323 2835 364 2888 καὶ
377 2835 437 2890 τοὺς
449 2834 508 2906 περὶ
529 2836 579 2902 τῆς·
592 2832 704 2888 πίστεως
723 2831 837 2886 ἅπαντας
855 2827 950 2887 τύπους
963 2831 1064 2898 φυλάτ·

163 2951 250 2987 τοντες
270 2931 311 2985 καὶ
331 2929 402 3000 ἡμεῖς
422 2933 468 3000 τῆς
487 2929 541 2985 κατ’
556 2928 679 3000 Ἔφεσον
701 2929 783 2984 πάλαι
803 2926 971 3000 γεγενημένης
990 2927 1064 3001 ἁγίας

164 3028 284 3089 Συνόδου,
299 3024 329 3096 ής
348 3025 470 3098 ἡγεμόνες
490 3028 516 3080 οί
534 3027 672 3098 ἁγιώτατοι
691 3022 738 3092 τήν
753 3020 853 3092 μνήμην
871 3012 1065 3087 Κελεστῖνος,ό

163 3126 208 3194 τής
220 3123 358 3194 Ῥωμαίων,
375 3126 416 3178 καὶ
436 3124 575 3193 Κυρίλλος,
591 3124 605 3176 ὁ
623 3123 669 3190 τῆς
680 3119 880 3192 Ἀλεξανδρέων,
900 3117 1064 3196 ἐτύγχανον,)

163 3245 184 3277 π
200 3221 250 3274 ολά
311 3222 385 3291 νμέν
398 3223 443 3291 τῆς
459 3220 537 3293 ὀρθής
558 3219 599 3274 καὶ
618 3217 756 3288 ἀμωμήτου
776 3217 890 3275 πίστεως
902 3219 949 3288 τήν
962 3218 1066 3273 ἔκθεσιν

162 3318 213 3369 τῶν
226 3312 273 3384 τιη’
288 3314 367 3386 ἁγίων
385 3315 426 3369 καί
443 3311 574 3384 μακαρίων
587 3311 710 3382 Πατέρων
728 3316 779 3366 τῶν
798 3311 825 3366 ἐν
839 3311 941 3382 Νικαίη,
957 3312 1000 3366 ἐπὶ
1019 3311 1064 3363 ταῦ

158 3411 290 3475 ebo-fio&
301 3408 406 3480 μνήμης
419 3409 614 3466 Κωνσταντίνου
628 3412 674 3464 τοῦ
686 3406 827 3482 γενομένου
842 3408 984 3474 Βασιλέως,
999 3430 1062 3463 συν·
