2356 3780
368 247 406 288 00
425 249 493 288 rma
512 250 548 288 nr
568 249 695 288 srusoro
715 249 811 290 mauu.
1004 231 1040 290 79

137 426 274 503 migrasse
287 426 470 502 intelligitur,
485 427 560 486 siout
572 426 625 485 illa
638 447 762 504 corpora.
793 428 850 487 Sed
862 427 895 486 hi
907 428 980 487 tales
994 447 1042 486 eor

138 524 280 581 mundum
299 523 416 595 faciant,
440 527 581 599 quantum
603 527 732 598 possunt,
754 527 789 582 ut
808 524 906 584 videre
925 525 1042 583 valeant

120 648 128 691 ,
139 618 171 676 in
184 619 240 677 Dei
261 618 422 677 substantia
441 638 499 676 non
513 638 573 676 esse
593 619 704 695 aliquid
716 620 783 693 tale,
800 620 883 697 quasi
903 621 983 679 aliud
999 619 1042 678 ibi

141 713 179 772 sit
192 714 362 787 substantia,
378 714 458 772 aliud
471 714 549 790 quod
568 713 679 773 aecidat
697 716 873 788 substantiae,
890 719 920 774 et
933 736 990 773 non
1004 713 1042 773 sit

123 794 319 882 :substantia3
341 810 388 867 sed
404 809 547 886 quidquid
564 809 605 866 ibi
623 809 749 884 intelligi
762 815 865 886 potest,
882 811 1043 871 substantia

140 907 191 962 est.
234 905 344 963 Verum
364 905 426 964 haee
450 905 507 964 diei
529 909 649 981 possunt
670 905 754 965 facile
777 911 807 966 et
827 907 921 980 oredi;
949 906 1043 966 videri

127 1004 237 1058 vautern
250 999 307 1057 nisi
320 1001 404 1059 eorde
420 1020 494 1076 puro
508 1000 648 1076 quomodo
669 1019 698 1058 se
711 1001 837 1060 habeant
857 1002 970 1059 omnino
983 1021 1043 1060 non

139 1101 268 1170 possunt.
311 1097 492 1173 Quapropter
512 1096 572 1154 sive
592 1095 648 1154 ista
668 1116 736 1154 vera
756 1096 794 1155 sit
813 1097 963 1170 sententia,
981 1098 1042 1157 sive

141 1189 220 1248 aliud
235 1191 346 1267 aliquid
359 1191 406 1261 sit,
420 1192 493 1249 fides
507 1191 675 1249 inconeussa
688 1192 813 1249 tenenda
832 1195 883 1264 est,
899 1198 934 1250 ut
946 1192 1044 1254 Deum

126 1285 270 1344 dieamus
289 1287 413 1359 Patrem,
429 1287 525 1344 Deum
544 1286 663 1358 Filium,
679 1286 775 1344 Deum
796 1286 937 1362 Spiritum
956 1288 1043 1347 Sane·

142 1383 224 1452 tum;
253 1400 347 1456 neque
369 1384 429 1439 tres
454 1380 539 1452 Deos,
566 1380 615 1438 sed
640 1379 726 1439 istam
753 1381 925 1441 Trinitatem
950 1403 1043 1442 unum

142 1474 254 1547 Deum3
274 1494 368 1550 neque
382 1473 509 1532 diversos
521 1478 634 1548 natura,
651 1475 701 1532 sed
714 1475 843 1552 ejusdem
857 1477 1042 1551 substantiae3

141 1589 235 1645 neque
251 1573 286 1628 ut
301 1570 388 1628 Pater
407 1569 562 1645 aliquando
582 1569 620 1629 sit
632 1570 735 1643 Filius,
752 1571 906 1648 aliquando
926 1571 964 1631 sit
979 1572 1042 1648 Spi-

141 1664 216 1724 ritus
235 1665 377 1738 Sanetus3
398 1666 448 1723 sed
465 1666 553 1724 Pater
572 1685 683 1742 semper
698 1668 793 1740 Pater,
812 1672 842 1727 et
856 1668 952 1726 Filius
970 1689 1042 1727 sem·

48 1800 50 1804 -
140 1780 194 1838 per
205 1761 308 1835 Filius,
325 1764 355 1820 et
369 1761 494 1838 Spiritus
509 1762 631 1820 Sanetus
645 1783 756 1840 semper
770 1763 895 1840 Spiritus
910 1764 1041 1826 Sanetus.

141 1857 204 1915 Nee
229 1860 337 1915 temere
364 1857 400 1914 de
426 1856 622 1916 invisibilibus
648 1857 760 1934 aliquid
785 1859 957 1917 affi1memus
980 1870 1043 1917 tan·

143 1971 229 2027 quam
250 1951 379 2024 scientos,
396 1952 445 2009 sed
464 1955 604 2028 tanquam
623 1953 779 2027 eredentes,
795 1955 931 2030 quoniam
951 1955 1044 2014 videri

142 2049 200 2106 nisi
220 2050 358 2107 mundato
378 2048 462 2106 oorde
484 2067 543 2105 non
563 2052 701 2124 possunt:
731 2053 761 2108 et
782 2050 834 2126 qui
856 2069 890 2109 ea
909 2051 990 2111 videt
1012 2051 1044 2109 in

142 2141 197 2201 hac
217 2142 279 2200 vita
301 2146 498 2216 exportant
521 2142 632 2200 dietum
653 2147 705 2216 est,
729 2148 816 2221 atque
837 2146 869 2204 10
889 2147 1041 2222 enigmate,

142 2256 201 2294 non
220 2240 315 2313 potest
336 2237 446 2295 efficere
466 2240 501 2295 ut
527 2240 557 2295 et
579 2235 630 2294 ille
656 2237 755 2296 videat
780 2239 828 2296 oui
854 2239 992 2315 loquitur,
1019 2239 1044 2298 01

143 2331 235 2390 cordis
255 2332 385 2390 sordibus
404 2331 570 2407 impeditur.
612 2332 700 2390 Booti
717 2336 816 2391 autem
834 2335 934 2393 mondo
955 2335 1041 2408 000010,

143 2429 272 2504 quonian
295 2428 355 2502 ipat
374 2427 467 2487 Deam
489 2427 628 2486 videbunt.
667 2428 741 2487 Haee
763 2428 835 2486 fides
858 2432 902 2487 est
924 2429 960 2486 de
981 2429 1044 2486 Deo

144 2523 288 2581 eonditore
301 2527 331 2582 et
343 2532 510 2581 renovatore
523 2527 628 2582 nostro.

187 2622 235 2676 21.
259 2617 316 2676 Sed
345 2617 480 2693 quoniam
511 2616 626 2676 dileetio
659 2637 717 2675 non
745 2620 860 2678 tentum
890 2617 923 2677 in
948 2620 1044 2678 Deum

144 2712 226 2770 nobis
245 2712 385 2789 imperata
404 2716 456 2786 est,
477 2732 543 2770 oum
563 2713 673 2771 dietum
693 2716 744 2786 est,
764 2715 874 2791 Diliges
893 2716 1044 2775 1100010000

144 2806 235 2867 Deum
256 2813 389 2867 1000000
412 2811 466 2866 1010
484 2808 562 2866 eorde
580 2812 635 2881 100,
651 2812 679 2866 01
699 2827 732 2866 ee
753 2813 810 2867 1010
830 2811 923 2868 aalma
943 2815 1002 2882 100,
1018 2815 1045 2869 01

144 2921 177 2961 ea
198 2908 255 2961 1010
274 2908 360 2962 mene
381 2908 440 2976 100,
463 2903 513 2961 sed
531 2903 620 2962 'etiam
638 2903 670 2961 in
689 2904 863 2979 proximum,
878 2925 946 2963 nam
965 2905 1045 2965 Dio·-

141 3020 197 3076 900,
213 3000 318 3077 inquit,
328 3002 489 3076 proximam
504 3006 585 3062 10000
605 3007 735 3080 tauquam
750 3008 775 3062 10
784 3006 893 3079 ,aarum
910 3004 934 3063 01
947 3009 1044 3064 autem

144 3095 201 3155 ista
220 3095 291 3155 fides
311 3097 559 3172 congregationem
578 3098 799 3176 societatemque
817 3101 967 3159 hominum
986 3121 1044 3161 non

143 3196 250 3266 teneat,
272 3193 305 3250 in
324 3213 382 3269 qua
400 3194 527 3253 fraterna
546 3194 669 3254 charitas
689 3199 830 3271 operetur,
851 3196 948 3254 minus
967 3197 1044 3255 fiue-

144 3292 228 3348 tuosa
247 3293 300 3361 est,
323 3289 464 3347 oredimus
483 3293 514 3348 et
533 3308 662 3348 snuornu
681 3291 856 3365 nccmsmn,
875 3293 978 3369 utique
998 3311 1044 3351 oa-

145 3385 292 3448 tholioam.
332 3386 409 3444 Nam
429 3389 460 3448 et
485 3387 618 3448 haretici.
636 3390 667 3448 et
692 3387 865 3448 schismatici
891 3408 1049 3462 congrega-
