2356 3780
361 251 396 291 ne
415 250 570 291 srunonun
589 249 801 290 arosrononuu.
976 228 1031 288 107

134 431 187 473 nee
200 414 264 472 iens
277 413 385 473 fluvius
403 413 531 488 intelligi
549 417 600 472 aut
617 412 758 490 appellari
774 418 879 490 potest,
892 414 1033 472 ettamen
1119 491 1123 496 Ι

135 507 186 587 qui
199 507 307 568 viderit
318 508 452 580 fiuvium,
468 508 544 568 vidit
564 514 593 569 et
612 509 732 568 fontem.
773 510 884 569 Exeree
903 512 933 569 te
952 505 1034 584 prius

134 603 167 662 in
178 604 283 663 horum
296 605 509 682 explanatione,
525 609 556 665 et
569 605 680 664 disoute
701 603 726 664 si
745 608 827 681 potes
840 624 905 682 quae
925 604 1033 663 heben-
1086 629 1089 637 ·

134 702 185 758 tur
204 697 235 757 in
249 699 382 759 manibus
392 721 400 772 ;
429 705 460 760 et
476 704 548 759 tuno
568 699 606 759 ad
624 700 727 758 horum
747 698 914 759 sublimiora
926 695 1033 756 venies.

135 792 197 852 Neo
216 797 311 870 putes,
327 795 404 873 quod
417 800 447 854 te
466 795 565 854 stetim
579 795 614 853 de
634 797 711 854 terra
730 793 881 853 aseendere
901 792 1036 852 suadeam

136 907 223 964 super
235 890 338 949 ooelosz
361 891 411 949 sed
430 891 511 967 prius
523 894 553 950 te
574 891 599 950 si
617 891 714 967 pleoet
726 890 763 949 ad
780 889 861 949 istud
872 889 1036 948 firmamen-

135 991 201 1047 tum
220 989 298 1066 qnod
317 989 408 1048 oeulis
419 989 536 1049 videtur
551 990 689 1049 educam:
713 992 743 1049 et
758 988 801 1048 ibi
819 987 938 1066 sipotes
951 991 1036 1046 natu·

136 1103 199 1143 ram
211 1085 301 1162 hujus
313 1085 437 1145 visibilis
450 1084 570 1144 luminis
589 1085 709 1158 discute,
726 1085 867 1162 quomodo
884 1083 961 1159 ignis
980 1082 1036 1141 iste

84 1215 85 1218 =
137 1179 264 1238 eoelestis
282 1185 402 1256 generet
421 1201 459 1240 ex
479 1181 631 1258 semetipso
653 1181 833 1258 splendorem
852 1179 942 1253 lueis;
967 1197 1036 1256 quo·

136 1274 321 1335 modoetiam
340 1278 480 1353 produoat
493 1297 645 1354 vaporem;
668 1281 698 1336 et
717 1295 784 1336 oum
795 1275 854 1335 tria
867 1275 928 1335 sint
947 1274 979 1334 in
991 1293 1036 1332 re·
1156 1272 1158 1275 ’

136 1370 201 1443 bus,
216 1390 309 1429 unum
321 1375 419 1431 tamen
433 1381 501 1433 sunt
520 1372 737 1432 insubstantia.
780 1371 867 1448 Quod
881 1377 911 1432 et
931 1370 956 1429 si
974 1370 1037 1429 haeo

138 1464 253 1540 singula
265 1465 439 1542 investigare
452 1468 590 1544 potueris,
607 1468 679 1527 seito
692 1468 787 1526 adhue
800 1465 906 1526 divinae
920 1485 1037 1541 genera-

138 1555 226 1616 tionis
239 1558 412 1635 mysterium
426 1563 507 1618 tanto
528 1578 588 1619 esse
602 1558 790 1618 differentius
804 1564 835 1618 et
852 1557 1037 1632 eminentius,

139 1657 248 1731 quanto
260 1655 377 1715 Creator
390 1655 529 1715 oreatmis
542 1655 698 1733 potentior,
711 1659 820 1734 quanto
828 1655 947 1716 murex
957 1672 1041 1731 opere

139 1768 191 1807 suo
204 1749 397 1826 prestantior,
413 1755 524 1830 quanto
537 1751 595 1811 Ille
615 1750 668 1831 qui
688 1771 800 1829 semper
812 1756 867 1826 θεῖ,
883 1771 917 1810 θο
931 1750 983 1830 qui
1002 1770 1041 1811 ex

138 1845 231 1904 nihilo
245 1842 334 1923 eoepie'
346 1866 407 1906 esse
419 1846 545 1906 nobilior
558 1853 612 1909 est.
1045 1922 1047 1927 Ι

180 1940 346 2000 credendus
366 1947 410 2002 est
430 1962 497 2018 ergo
511 1943 591 2003 Deus
610 1964 671 2003 esse
685 1944 774 2003 Peter
792 1943 874 2003 unioi
891 1942 964 2003 Filii
983 1940 1039 2014 sui,

143 2035 261 2094 Domini
280 2037 380 2110 nostri,
402 2058 461 2097 non
481 2037 698 2098 discutiendus:
723 2057 818 2115 neque
838 2037 915 2098 enim
934 2038 978 2096 fas
998 2039 1043 2096 est

143 2149 224 2189 servo
239 2130 274 2189 de
294 2132 441 2192 natalibus
453 2133 573 2192 Domini
592 2135 751 2211 disputare.
794 2134 980 2193 Contestetus
1000 2139 1045 2191 est

143 2224 230 2283 Pater
243 2225 278 2282 de
298 2226 387 2297 eoelis,
404 2227 511 2300 diesne,
524 2229 584 2286 Hie
603 2234 643 2287 eet
660 2229 756 2288 ultae
774 2248 847 2288 moue
867 2227 994 2299 dilectus,
1013 2226 1045 2284 ia

143 2337 194 2396 quo
217 2319 289 2377 mitt
309 2319 371 2377 bene
393 2321 552 2397 complacui,
570 2323 668 2398 Ipsum
687 2325 792 2383 audite.
832 2322 922 2381 Pater
942 2322 1045 2396 Ipsum

144 2413 216 2474 dieit
229 2433 290 2474 esse
302 2415 415 2474 Filium
428 2436 523 2486 suum,
539 2421 570 2477 et
583 2417 686 2494 Ipsum
704 2416 799 2477 audiri
813 2417 907 2495 jubet.
949 2415 1045 2474 Filius

144 2510 223 2584 dioit,
242 2512 302 2587 Qui
320 2512 395 2571 uidet
417 2513 473 2585 Me,
494 2513 567 2572 videt
586 2518 614 2572 et
631 2515 757 2588 Patrem,
780 2516 819 2586 et,
834 2514 896 2589 Epo
917 2516 945 2570 et
957 2512 1046 2570 Pater

143 2625 228 2665 uuam
261 2628 363 2681 samaa,
391 2612 430 2683 et,
454 2610 515 2686 Epo
539 2627 557 2667 a
577 2608 637 2667 Deo
663 2609 746 2680 eaioe',
776 2612 803 2667 et
829 2609 893 2666 aeaa'
917 2608 948 2666 ia
973 2607 1045 2665 tuae

143 2704 282 2763 mundam.
324 2704 397 2770 Quis
417 2709 461 2764 est
481 2705 533 2782 qui
552 2705 630 2764 inter
647 2706 700 2763 hes
713 2703 810 2764 Patris
831 2708 861 2763 et
873 2703 944 2762 Filii
961 2721 1044 2760 voees

143 2797 256 2856 medius
282 2818 312 2858 se
338 2799 480 2858 discussor
505 2799 667 2873 interserat,
694 2803 725 2859 et
747 2798 895 2858 Deitatem
921 2796 1040 2870 dividat,

144 2887 281 2948 affectum
301 2895 422 2967 separet,
445 2891 636 2950 substantiam
655 2895 781 2968 rumpat,
804 2889 938 2968 spiritum
958 2898 1043 2957 seoet,

143 2989 231 3059 neget
250 3005 312 3044 esee
332 3006 434 3045 verum
454 2988 533 3064 quod
545 2987 661 3046 Veritas
681 2987 760 3046 dicit.
802 2987 857 3046 Est
877 3004 945 3061 ergo
964 2985 1045 3044 Deus

143 3081 231 3139 Pater
250 3102 336 3140 verus
354 3086 494 3161 tanquam
514 3082 648 3142 veritatis
668 3084 765 3154 Pater,
785 3102 845 3141 non
865 3081 1046 3140 extrinsecus

143 3195 251 3251 ereans,
275 3178 324 3236 sed
345 3197 383 3236 ex
404 3197 438 3236 eo
459 3180 537 3254 qnod
557 3180 624 3255 Ipse
646 3181 689 3237 est
709 3177 821 3236 Filium
849 3196 995 3252 generans,
1015 3176 1047 3235 id

145 3277 198 3346 est,
220 3272 303 3351 quasi
326 3273 439 3350 sapiens
462 3273 641 3349 sapientiem,
663 3273 747 3353 quasi
766 3273 865 3351 justus
889 3272 1043 3350 justitium,

145 3368 228 3448 quasi
248 3369 438 3447 sempiternus
461 3371 677 3449 sempiternum,
696 3370 780 3449 quasi
799 3369 970 3430 immortalis
990 3367 1044 3426 irn-
