2356 3780
375 243 410 284 nr
430 241 585 283 srusomur
603 240 813 283 mosronosvu.
988 230 1041 288 141

42 412 45 417 “
143 411 260 481 norunt,
282 428 355 486 quas
375 408 407 466 in
427 407 564 467 Ecclesiis
584 407 642 484 legi
663 409 828 470 noluerunt.
868 412 942 471 Haeo
960 413 1044 474 nobis

142 522 161 562 a
171 504 304 581 patribus
315 504 423 564 tradita
436 508 513 572 sunt,
525 523 599 581 quae,
611 509 647 564 ut
656 505 727 579 dixi,
742 509 936 583 opportunum
947 509 1044 588 visum

143 608 187 658 est
206 601 261 659 hoc
281 600 313 659 in
330 599 392 659 loco
410 599 566 675 designare,
581 601 618 659 ad
636 600 855 661 instructionem
874 623 974 663 eorum
990 603 1044 682 qui

142 697 236 771 prima
259 695 314 754 sibi
337 695 472 756 Ecclesiae
499 715 532 754 ac
557 696 627 755 fidei
650 697 792 756 elementa
815 698 982 776 suscipiunt,
1007 703 1044 760 ut

143 789 243 864 sciant,
259 811 298 850 ex
311 791 417 869 quibus
431 791 486 850 sibi
502 791 632 852 fontibus
644 792 726 852 verbi
739 793 795 851 Dei
813 794 971 854 haurienda
983 795 1043 854 sint

163 887 254 946 ocula.

141 904 229 1041 Ι)39.
252 984 345 1042 Tenet
371 983 474 1042 deinde
504 983 578 1044 ratio
606 982 676 1042 fidei
705 982 841 1042 Sancrru
868 984 1040 1045 Eccnnsrsrr.

143 1076 264 1138 Causam
283 1079 346 1156 jam
366 1079 498 1156 superius
510 1079 647 1154 diximus,
664 1099 715 1137 cur
733 1098 792 1137 non
806 1079 935 1139 dixerint
954 1081 1042 1141 etiam

141 1173 189 1232 hic
206 1178 225 1208 “
236 1175 274 1232 In
294 1181 421 1236 sanctam
434 1175 621 1236 Ecclesiam.’'
661 1175 705 1234 Hi
724 1174 815 1250 igitur
833 1175 885 1251 qui
905 1195 991 1251 supra
1010 1177 1043 1236 in

142 1287 200 1326 uno
218 1269 280 1327 Deo
304 1271 418 1328 credere
441 1269 534 1329 edocti
555 1272 624 1328 sunt
645 1269 698 1328 sub
720 1269 856 1346 mysterio
879 1269 1040 1344 Trinitatis,

143 1364 256 1423 credere
276 1365 364 1424 etiam
382 1366 437 1424 hoc
458 1365 573 1434 debent,
592 1383 682 1422 unam
702 1364 762 1423 esse
782 1364 940 1423 Ecclesiam
960 1384 1040 1424 sanc.

141 1462 211 1532 tam,
231 1458 263 1517 in
286 1480 344 1537 qua
367 1468 411 1519 est
428 1478 488 1517 una
506 1459 578 1517 fides
599 1463 628 1518 et
651 1479 743 1517 unum
764 1458 914 1536 baptisma,
935 1459 1041 1537 inqua

141 1574 218 1613 unus
244 1556 324 1614 Deus
351 1555 478 1615 creditur
504 1556 600 1624 Pater,
622 1558 652 1614 et
676 1573 752 1612 unus
777 1555 927 1629 Dominus,
954 1557 1040 1615 Jesus

141 1650 281 1724 Christus,
303 1649 399 1709 Filius
417 1651 500 1728 Ejus,
518 1653 549 1708 et
565 1669 642 1707 unus
659 1648 785 1726 Spiritus
803 1650 934 1710 Sanctus.
976 1652 1039 1710 Ista

140 1750 185 1806 est
212 1766 279 1822 ergo
311 1750 409 1806 sancta
435 1745 572 1816 Ecclesia,
598 1765 656 1803 non
683 1746 793 1804 habens
818 1747 963 1806 maculam
987 1751 1039 1808 aut

139 1861 250 1916 rugam.
294 1841 389 1900 Multi
407 1841 484 1900 enim
503 1845 533 1900 ct
553 1839 604 1898 alii
622 1840 763 1900 Eoolcsias
782 1851 1037 1918 congregaverimt,

139 1943 174 1997 ut
193 1939 331 2011 Marcion,
355 1941 385 1997 et
402 1936 584 2010 Valentinus,
603 1941 632 1996 et
651 1938 776 2011 Hebion,
800 1942 830 1997 et
849 1938 1036 2014 Manichacus,

140 2037 170 2093 et
182 2033 281 2102 Arius,
297 2039 327 2094 et
340 2034 437 2093 caeteri
457 2053 554 2093 omnes
572 2034 710 2093 haerctici.
753 2034 810 2092 Sed
829 2033 889 2093 illae
903 2035 1039 2095 Ecclesiae

138 2148 197 2187 non
223 2133 292 2188 sunt
317 2129 378 2187 sine
405 2130 518 2188 macula
543 2129 592 2187 vel
618 2149 691 2204 ruga
718 2129 856 2205 perfidia.
908 2130 948 2188 Et
973 2130 1039 2190 ideo

139 2222 251 2282 dicebat
271 2225 307 2282 de
326 2224 386 2283 illis
399 2224 552 2301 Propheta,
572 2224 629 2283 oua·
641 2224 792 2283 Ecclesium
812 2224 1034 2299 meliorantium,

139 2321 165 2375 ct
183 2318 353 2392 cumimpiis
373 2338 427 2377 aaa
440 2317 540 2376 sedebo.
581 2319 626 2376 De
640 2319 693 2376 hac
714 2321 810 2376 autem
824 2318 961 2391 Ecclesia,
973 2338 1038 2394 quae

25 2421 26 2424 ’
139 2409 226 2467 fidem
240 2408 348 2468 Christi
366 2409 510 2483 integram
530 2413 635 2477 servat,
649 2409 717 2466 audi
737 2409 808 2485 quid
827 2409 898 2467 dicit
912 2409 1038 2484 Spiritus

140 2506 262 2565 Sanctus
279 2505 311 2563 in
326 2505 454 2564 Canticis
467 2504 667 2563 Canticorum:
697 2506 757 2564 Uno
770 2509 810 2562 cst
827 2504 947 2562 columbo
959 2526 1037 2574 aaron

138 2621 195 2659 uuo
215 2606 254 2659 cst
269 2601 395 2677 perfectu
411 2600 546 2676 arcitrioa'
562 2619 625 2658 carr.
668 2599 727 2664 Qui
739 2619 806 2674 crgo
819 2599 893 2658 hanc
906 2600 994 2658 fidem
1006 2601 1038 2660 in

138 2697 267 2757 Ecclesia
288 2697 417 2775 suscipit,
433 2716 492 2755 non
511 2696 636 2755 declinet
655 2696 686 2754 in
707 2696 826 2755 concilio
846 2695 992 2770 vanitatis,
1008 2702 1039 2758 et

138 2812 204 2851 cum
217 2793 318 2870 iniqua
338 2792 504 2870 gerentibus
523 2812 582 2851 non
601 2792 734 2853 introeat.
776 2792 937 2851 Concilium
956 2813 1037 2852 nam-

138 2908 194 2965 que
208 2889 346 2949 vanitatis
366 2890 502 2967 estquod
521 2888 582 2963 agit
595 2888 734 2960 Marcion,
751 2888 802 2966 qui
821 2892 909 2963 negat
921 2889 1038 2949 Patrem

137 2983 246 3043 Christi
271 2986 367 3044 Deum
389 3004 450 3043 esse
474 2985 644 3057 Creatorem,
670 2984 729 3061 qui.
742 3004 794 3060 per
816 2983 926 3043 Filium
953 3005 1038 3043 suum

136 3079 238 3140 fecerit
257 3082 407 3141 mundum.
449 3080 609 3140 Concilium
627 3081 765 3140 vanitatis
785 3085 829 3140 est
848 3081 925 3157 quod
943 3081 1038 3140 Ebion

136 3176 227 3249 docet,
249 3177 292 3236 ita
312 3177 425 3237 Christo
445 3176 522 3236 credi
544 3177 654 3249 debere,
676 3182 711 3235 ut
732 3177 909 3235 circumcisio
932 3177 1034 3252 carnis,

136 3274 165 3329 et
179 3273 338 3332 observatio
354 3274 474 3347 sabbati,
492 3276 522 3332 et
542 3273 745 3332 sacrificiorum
759 3273 922 3343 solennitas,
937 3279 1036 3333 oaeter-

133 3386 216 3445 aequo
237 3387 334 3428 omnes
354 3369 544 3429 observantiae
565 3369 724 3430 secundum
737 3367 810 3444 legis
829 3368 943 3428 literam
957 3373 1037 3428 teue-

1067 3470 1097 3528 Δ
