2356 3780
369 243 405 283 m
424 243 578 284 mann
598 243 807 284 srosrononux.
976 227 1033 284 109

138 403 346 482 scriptumest,
361 408 405 466 nt
420 408 541 484 requam
559 428 614 466 non
631 407 764 467 laedebant
778 408 824 466 dia
843 427 875 466 ao
891 411 975 481 noete,
990 407 1034 466 di-

138 504 234 570 eentes,
249 502 378 576 Sanctae,
400 508 519 571 sanotae,
533 508 644 563 sanotae
662 504 798 562 Domina
817 504 893 562 Deua
912 503 1033 576 sabaotb,

138 597 269 673 quierat,
285 599 375 675 etqui
393 603 441 671 aet,
456 604 484 658 st
495 605 626 659 ventam
643 604 691 673 ast,
710 599 896 673 omnebotms.
936 598 1036 657 Omni-

138 699 241 768 potens
254 713 322 769 ergo
335 694 441 754 dieitur
454 694 507 772 qui
518 698 660 754 venturus
678 699 731 755 est.
773 695 813 754 nt
825 693 892 770 quis
904 699 949 754 est
961 693 1037 753 alius

140 785 192 864 qui
205 792 346 847 venturus
358 793 412 862 est,
427 789 485 848 nisi
498 789 639 862 Christus,
655 789 749 848 Filius
761 787 838 848 Dei?

180 883 239 941 His
265 883 391 956 additur,
413 902 569 943 marsnam
593 904 629 943 nr
654 903 839 944 mrsssmmr.
880 883 1036 944 Sciendum

140 979 217 1056 quod
236 981 295 1038 duo
313 979 365 1039 isti
385 999 528 1040 sermones
547 981 579 1039 in
596 981 733 1040 Eeelesiae
746 981 883 1038 Romanae
907 980 1036 1056 symbolo
1098 974 1102 978 ⁴

139 1091 198 1132 non
210 1075 363 1135 habentur.
405 1076 525 1135 Constat
538 1081 636 1136 antem
648 1077 726 1152 apud
738 1094 790 1134 nos
808 1075 929 1146 additos,
945 1075 1035 1133 haere-

140 1187 201 1227 seos
214 1189 299 1229 eausa
310 1171 439 1244 Sabellii,
450 1170 531 1229 illius
543 1172 671 1247 profecto
684 1189 751 1248 quae
764 1189 782 1227 a
793 1169 900 1228 nostris
912 1173 931 1202 “
941 1170 1034 1228 Patri-

138 1265 272 1340 passiano
280 1267 297 1297 '’
313 1267 494 1345 appellatum
514 1266 611 1340 idest,
627 1285 693 1344 quae
707 1274 738 1325 et
750 1267 867 1324 Patrem
878 1265 975 1341 ipsum
988 1267 1036 1324 vel

140 1379 179 1419 ex
197 1361 319 1437 Virgine
338 1366 441 1421 natum
460 1363 542 1432 dicit,
557 1368 587 1422 et
606 1363 754 1422 visibilem
772 1362 883 1420 laetum
901 1381 971 1435 esse,
987 1363 1036 1422 vel

138 1475 255 1532 passum
274 1458 397 1517 affirmat
415 1459 447 1518 in
467 1477 561 1518 earne.
601 1459 645 1518 Ut
664 1479 731 1534 ergo
750 1457 955 1516 excluderetur
966 1459 1036 1518 talis

138 1551 273 1629 impietas
292 1554 328 1612 de
342 1553 438 1628 Patre,
453 1555 591 1613 videntur
609 1555 672 1614 haee
691 1553 835 1613 addidisse
854 1553 985 1631 majores,
1005 1562 1036 1614 et

141 1651 161 1681 “
172 1647 373 1709 invisibilem’'
388 1651 506 1709 Patrem
525 1655 616 1727 atque
638 1655 657 1684 “
668 1649 895 1727 impassibilem''
916 1649 1033 1710 dixisse

138 1743 257 1804 constat
279 1746 356 1805 enim
374 1746 493 1820 Filium,
517 1766 576 1805 non
595 1747 721 1819 Patrem,
742 1747 924 1805 incarnatum
943 1750 974 1806 et
996 1766 1035 1805 ex

138 1858 223 1901 earne
241 1850 353 1916 netum,
370 1846 402 1902 et
420 1863 460 1902 ex
478 1842 634 1902 nativitate
654 1840 748 1901 earnis
760 1842 872 1901 Filium
891 1841 1035 1902 visibilem

138 1939 170 1995 et
193 1937 360 2012 passibilem
386 1939 506 1998 foetum.
557 1937 707 2004 Quantum
733 1943 832 2006 antem
859 1940 970 2014 spectat
997 1937 1034 1996 ad

137 2029 218 2090 illem
238 2032 365 2092 Deitatis
387 2031 581 2092 immortalem
600 2031 800 2104 substantiam,
826 2050 892 2107 qnae
913 2051 973 2090 una
998 2031 1035 2090 ni

137 2126 294 2203 eodemque
323 2147 392 2187 enm
426 2129 513 2186 Patre
544 2136 596 2200 est,
625 2126 668 2185 ibi
693 2146 789 2202 neque
816 2127 913 2199 Pater,
939 2146 1034 2203 neque

136 2219 239 2294 Filius,
260 2241 356 2300 neque
376 2223 503 2298 Spiritus
526 2223 649 2282 Sanetus
668 2221 793 2280 visibilis
816 2227 869 2281 ant
890 2221 1035 2297 passibilis

137 2316 272 2376 ereditur.
315 2319 480 2377 Secundum
493 2317 690 2392 dignationem
701 2335 769 2374 vero
783 2316 876 2374 earnis
888 2321 1032 2388 assumtae,

136 2410 231 2471 Filius
250 2419 280 2471 et
297 2413 378 2472 visus
397 2417 428 2480 et
446 2432 548 2489 passus
567 2417 612 2471 est
630 2411 663 2469 in
682 2431 776 2469 earne.
817 2411 902 2476 Quod
922 2415 953 2470 et
965 2412 1036 2470 Pm-

134 2507 224 2583 pheta
244 2509 428 2585 predixerat,
446 2508 498 2567 nbi
518 2508 568 2579 ait,
583 2507 644 2565 Hie
662 2507 738 2565 Deus
760 2510 859 2578 mor,
880 2526 934 2564 noo
952 2526 1035 2581 rapa-

136 2603 244 2663 tabs‘tar
263 2604 335 2665 altar
354 2606 392 2663 ad
407 2606 491 2663 Eam.
532 2603 644 2662 Invenit
662 2621 764 2661 omnam
776 2601 851 2660 aiom
869 2601 1033 2677 abablium,

135 2704 162 2758 at
175 2701 252 2759 dedit
270 2722 328 2760 eam
340 2701 426 2762 Jacob
433 2720 522 2775 puero
542 2719 590 2758 saro
610 2703 637 2757 et
649 2697 740 2756 Israel
751 2696 848 2756 ditato
868 2718 924 2756 eaeo.
966 2699 1037 2756 Post

134 2794 190 2854 ltaeo
208 2818 236 2852 m
256 2798 340 2856 terrea
357 2798 432 2855 visua
455 2801 504 2867 set,
524 2800 552 2853 at
568 2795 644 2853 inte
660 2793 779 2852 homines
796 2797 968 2852 desonantes
983 2797 1033 2850 set.

135 2890 276 2967 Sequitur
288 2897 354 2968 post
366 2893 430 2966 hoo,

174 2994 201 3046 6.
224 2990 267 3047 Er
288 3006 323 3046 nr
344 2989 471 3047 Gnmsro
494 2988 575 3060 Jmn,
595 3003 682 3045 umoo
702 2985 789 3044 Fmo
812 3002 889 3056 nans,
911 2984 1034 3043 Domo

134 3104 250 3144 nesano.
271 3089 290 3118 “
300 3085 320 3144 J
319 3087 403 3144 esus’'
413 3083 533 3142 Hebraei
543 3080 678 3140 vocabuli
687 3084 732 3139 est
743 3099 857 3152 nomen,
869 3080 947 3157 quod
956 3080 1036 3156 apud

135 3201 188 3242 nos
200 3186 219 3215 “
230 3181 380 3241 Salvator”
394 3179 509 3240 dieitur.
540 3183 560 3212 “
568 3176 718 3236 Christus”
731 3196 749 3234 a
761 3175 925 3243 chrismate,
935 3176 967 3234 id
979 3181 1032 3250 est,

135 3280 172 3337 ab
185 3277 320 3337 unctione
333 3276 503 3353 appellatur.
544 3273 682 3348 Legimus
694 3272 772 3332 enim
788 3270 915 3330 inlibris
928 3272 1034 3350 Moysi,

70 3458 73 3465 Ι
136 3376 213 3453 quod
226 3376 329 3448 Auses,
349 3373 433 3432 Nave
446 3371 533 3444 lilius,
549 3389 616 3431 eum
636 3369 746 3429 electus
758 3370 834 3426 esset
845 3368 908 3426 dux
921 3366 1032 3445 populi,
