2356 3780
138 192 193 248 160
422 204 564 248 rnrmrn
582 204 743 246 roarrrarr

134 385 235 446 Deitas
249 385 388 445 sarcinam
400 406 515 463 quoque
532 389 637 446 nostrae
649 385 839 446 humanitatis
856 385 1024 462 adsumpsit,

134 499 164 539 sc
180 498 360 556 nequequam
381 479 587 557 coinquinavit,
603 481 653 540 sed
673 485 800 541 nostram
818 484 952 540 naturam
964 500 1026 540 car-

133 575 189 642 nis,
204 594 291 651 quam
312 575 479 653 adsumpsit,
500 575 645 652 purgavit,
666 580 695 635 et
716 576 869 635 amaculis
888 579 919 634 et
937 575 1027 634 sordi-

135 673 189 731 bus
209 675 389 748 peocatorum
403 690 435 729 ac
450 670 585 730 vitiorum
599 670 747 749 expiavit:
770 673 846 732 sicut
857 672 957 732 Esaias
974 671 1025 745 ait,

134 767 199 842 hice
212 767 386 843 infirmitates
403 771 510 824 noctuae
524 768 634 841 accepit,
650 771 677 826 et
695 768 881 844 caprototc'oaoa
888 768 1026 843 portarit.

134 860 181 921 Ad
200 863 254 920 hoc
274 861 431 920 secundum
449 861 659 920 humanitatem
677 866 764 922 natus
784 866 837 933 est,
850 869 884 922 ut
903 862 1024 920 infirmi-

133 960 209 1017 tates
227 961 337 1016 nostraa
357 957 506 1033 acciperet,
528 961 558 1016 ct
578 957 778 1032 aegrotationes
797 961 944 1033 portaretz
967 977 1026 1017 non

135 1055 211 1131 quod
228 1053 289 1128 ipse
308 1053 491 1112 infirmitates
509 1053 557 1112 vel
577 1052 776 1127 aegrotationes
795 1054 828 1112 in
846 1072 876 1112 se
896 1053 1023 1125 haberet,

134 1150 204 1228 quia
219 1151 295 1209 salua
313 1149 415 1209 mundi
428 1152 480 1222 est,
503 1148 552 1207 sed
565 1155 599 1207 ut
612 1168 659 1207 aaa
680 1169 697 1207 a
714 1149 797 1208 nobis
818 1148 940 1219 tolleret,
955 1148 1025 1206 dum

134 1265 194 1305 suae
213 1265 298 1306 sacrae
316 1245 454 1322 passionis
474 1244 567 1320 gratia
586 1249 616 1303 et
634 1247 817 1315 sacramento,
839 1243 1026 1319 chirographo

134 1347 275 1422 adempto,
296 1343 519 1420 redemptionem
542 1342 649 1420 pariter
668 1347 699 1403 et
722 1341 844 1401 salutem
866 1340 1027 1400 animarum

135 1441 217 1499 nobis
231 1441 410 1500 condonaret.

156 1525 159 1530 ’
179 1538 235 1606 Qui
247 1556 347 1613 parrae
366 1540 406 1594 eat
422 1556 478 1611 pro
498 1535 584 1595 calata
603 1541 718 1596 coatras
747 1533 779 1594 id
798 1539 851 1604 est,
871 1533 1029 1593 secundum

133 1631 164 1702 id
185 1633 262 1708 quod
283 1631 345 1707 pati
370 1632 483 1709 potuit;
514 1632 591 1709 quod
613 1636 666 1705 est,
692 1632 848 1691 secundum
873 1629 1030 1687 humanam

135 1731 287 1807 naturam
307 1746 374 1785 nam
393 1727 551 1786 secundum
569 1727 769 1800 Divinitatem,
784 1725 841 1786 Dei
859 1725 953 1784 Filius
972 1724 1026 1783 im·

133 1821 276 1901 passibilis
290 1828 341 1882 est.

181 1919 326 1977 Descendit
354 1919 392 1977 ad
419 1918 528 1994 inseror,
560 1921 595 1977 ut
624 1918 834 1997 protoplastum
864 1917 967 1988 Adam,
993 1919 1025 1977 et

133 2015 318 2092 patriarchas,
335 2021 365 2075 et
377 2016 538 2093 prophetas,
553 2020 583 2074 et
603 2035 700 2074 omnes
716 2015 821 2092 justos,
835 2015 886 2091 qui
904 2033 955 2091 pro
969 2014 1027 2074 ori·

134 2110 225 2186 ginali
250 2114 365 2186 peccato
393 2110 500 2169 ibidem
526 2109 737 2181 detinebantur,
763 2110 907 2184 liberaret,
934 2114 964 2171 et
990 2111 1027 2170 de

134 2206 258 2266 vinculis
276 2205 367 2284 ipsius
385 2206 495 2283 peccati
514 2205 666 2279 absolutos,
687 2207 723 2265 de
741 2206 840 2265 eadem
858 2206 1029 2282 captivitate
1058 2266 1062 2272 .

134 2306 164 2363 et
176 2302 311 2362 infamoli
328 2304 399 2376 loco,
415 2322 466 2361 suo
482 2301 620 2376 sanguina
637 2302 807 2380 redemptos,
823 2302 860 2361 ad
874 2321 1028 2380 supernam

133 2400 256 2477 patriam
273 2403 303 2459 et
320 2400 356 2458 ad
373 2402 519 2475 perpetuae
538 2399 607 2458 vitae
627 2398 732 2474 gaudia
750 2400 904 2456 revocaret.
947 2398 1029 2458 Reli·

134 2495 195 2573 qui,
217 2495 268 2572 qui
286 2515 372 2572 supra
391 2494 528 2571 originale
545 2499 697 2571 peccatum
715 2493 887 2572 principalia
906 2492 1031 2556 crimina

133 2591 344 2665 commiserunt,
364 2595 399 2650 ut
421 2591 526 2651 adserit
546 2591 703 2668 Scriptura,
726 2591 758 2649 in
776 2588 885 2666 poenali
906 2589 1043 2653 Tartaro⁴

133 2691 349 2745 remanserunt:
372 2687 447 2745 sicut
466 2685 498 2744 in
511 2687 635 2744 Persona
653 2685 762 2745 Christi
782 2685 892 2743 dictum
912 2688 956 2744 est
975 2706 1031 2763 per

133 2781 309 2858 prophetam,
332 2783 391 2840 Ero
410 2801 482 2840 moro
503 2786 558 2855 tao,
578 2801 592 2839 o
613 2781 715 2849 Mora·
737 2779 840 2854 idest,
862 2785 954 2840 morte
976 2801 1030 2842 sua

134 2876 265 2935 Christus
284 2876 402 2934 humani
425 2875 537 2952 generis
559 2875 705 2935 inimicam
725 2877 850 2936 Mortem
869 2876 1028 2952 interfecit,

134 2975 165 3031 et
177 2972 269 3030 vitam
282 2972 369 3031 dedit.
411 2974 471 3031 Bra
484 2992 588 3030 morsus
602 2977 672 3042 tuac,
689 2973 802 3049 insarno.
843 2971 954 3030 Partim
967 2992 1030 3032 mo-

133 3066 239 3127 mordit
252 3067 406 3141 infernum,
421 3087 473 3145 pro
490 3071 572 3144 parte
590 3088 688 3127 eorum
702 3088 773 3144 quos
785 3068 939 3127 liberavit:
962 3089 1029 3145 par-

133 3165 194 3222 tem
216 3162 344 3240 reliquit,
368 3182 419 3239 pro
442 3167 523 3239 parte
547 3182 646 3221 aarum
669 3163 721 3239 qui
746 3184 798 3241 pro
820 3161 1031 3242 principalibus
1114 3165 1121 3174 ’

134 3258 302 3318 criminibus
315 3259 347 3316 in
360 3259 511 3318 tormentis
523 3261 731 3318 remanserunt.

168 3356 336 3420 Summo
349 3356 463 3417 mortuis
475 3354 683 3434 primogenitus
696 3357 891 3417 mortuorum:
913 3360 944 3417 et
957 3355 1030 3419 alibi
