2356 3780
371 255 410 295 uu
429 255 500 295 rrnu
518 255 554 295 rr
573 252 701 294 sruaouo
721 253 818 295 mur.
969 248 972 253 ’
1003 231 1039 294 67

144 432 352 508 illuminamur,
367 437 403 492 ut
416 432 556 510 sapientia
568 433 664 492 luoere
676 431 838 518 possimus,¹
866 433 942 492 Erat
956 430 1041 503 enim,

145 529 261 606 inquit,
277 531 383 590 Lumen
404 550 505 603 odam,
531 531 603 607 quod
624 529 766 588 illuminat
789 547 889 586 omnem
912 528 1045 586 bominem

144 627 291 684 uenientem
311 627 342 684 ia
362 626 432 685 dane
451 626 608 683 mundam.'
631 623 773 682 Addimus
791 623 891 699 itaque
910 622 980 680 fidei
1000 641 1045 680 re·
1131 619 1134 624 ’

144 739 210 778 rum
227 725 400 805 eternorum
420 719 508 778 etiam
525 717 712 795 tem'poradem
731 717 971 794 dispensationem
987 718 1045 776 Do-

144 816 217 875 mini
229 815 329 888 nostri,
346 835 434 892 quam
452 834 550 890 gerere
562 814 646 873 nobis
664 818 694 873 et
707 813 869 872 ministrare
884 834 936 890 pro
949 818 1047 873 nostra

136 911 237 970 ‘salute
250 910 386 985 dignatus
406 913 457 970 est.
499 909 573 968 Nam
596 909 752 968 seeundum
765 908 797 966 id
815 908 893 985 quod
912 908 1045 983 unigeni·

143 1009 192 1065 tus
213 1010 258 1064 est
278 1005 335 1065 Dei
354 1004 457 1077 Filius,
480 1024 539 1063 non
560 1009 656 1081 potest
676 1003 742 1076 dici,
764 1003 836 1063 Fuit
858 1008 889 1063 et
909 1003 973 1076 erit,
996 1005 1046 1062 sed

143 1105 267 1175 tantum,
283 1102 356 1160 Est:
369 1090 449 1177 'quia
468 1104 498 1158 et
512 1101 590 1176 quod
609 1099 668 1158 fuit
683 1099 746 1176 jam
765 1118 823 1157 non
843 1102 895 1171 est,
919 1103 949 1158 et
968 1097 1046 1176 quod

144 1197 200 1256 erit
222 1197 354 1255 nondum«
377 1202 429 1257 est.
471 1196 529 1254 Ille
552 1215 619 1269 ergo
646 1199 690 1254 est
715 1194 958 1253 incommutabilis
985 1193 1045 1252 sine

144 1293 307 1352 conditione
335 1287 498 1368 temporum
524 1295 554 1350 et
580 1291 729 1350 varietate.
770 1291 832 1349 Nee
858 1290 975 1348 aliunde
1001 1310 1045 1349 ar-

144 1387 236 1446 bitror
247 1406 363 1445 manare
376 1386 452 1444 illud
470 1386 548 1462 quod
564 1386 672 1443 famulo
693 1405 743 1444 suo
756 1385 853 1462 Moysi
867 1387 926 1444 tale
941 1405 1046 1444 nomen

145 1501 230 1540 suum
256 1480 424 1542 insinuavit.
465 1480 540 1539 Nam
569 1501 634 1539 eum
660 1483 697 1540 ab
723 1482 766 1539 Eo
789 1485 938 1558 quaereret,
965 1480 989 1538 si
1016 1501 1045 1539 se

72 1564 75 1568 ⁴
144 1577 274 1653 populus
295 1577 333 1634 ad
358 1594 445 1652 quem
471 1575 642 1634 mittebatur
668 1579 871 1647 contemneret,
895 1594 912 1633 a
935 1570 992 1650 quo
1015 1594 1045 1633 se

144 1671 253 1731 diceret
272 1691 333 1730 esse
355 1670 483 1743 missum,
505 1690 673 1747 responsum
695 1671 817 1730 dicentis
840 1672 959 1748 aceepit,
983 1673 1045 1748 Eoo

142 1788 203 1826 sam
220 1768 271 1845 qui
289 1787 367 1825 aum:
389 1767 492 1825 deinde
507 1766 668 1843 subjunxit,
683 1768 753 1827 Horo
772 1769 843 1826 dieas
854 1769 931 1846 filiis
944 1768 1042 1844 brad,

148 1864 205 1933 aaa·
217 1863 361 1936 conmisit
373 1883 414 1921 me
427 1863 465 1921 od
476 1883 531 1922 eoa.

183 1960 210 2019 7.
233 1961 280 2017 Ex
298 1978 355 2035 quo
370 1959 433 2036 jam
456 1958 655 2035 spiritualibus
677 1959 781 2018 animis
801 1963 899 2036 patere
922 1962 1043 2038 confido,

143 2052 255 2110 nullam
275 2056 409 2110 naturam
427 2052 490 2110 Deo
511 2072 571 2111 esse
591 2072 673 2128 posse
694 2053 873 2113 contrariam.
914 2054 948 2112 Si
968 2054 1046 2113 enim

143 2147 201 2207 Ille
217 2147 319 2220 “est”
335 2151 366 2206 et
385 2147 421 2205 de
442 2147 502 2206 solo
515 2148 577 2206 Deo
596 2147 710 2224 proprie
723 2148 781 2207 dici
799 2151 895 2225 potest
914 2151 967 2208 hoo
980 2170 1045 2208 ver·

142 2242 221 2315 bum,
248 2243 340 2319 (quod
362 2242 439 2301 enim
463 2262 531 2300 vere
557 2246 609 2315 est,
633 2243 908 2302 incommutabiliter
928 2251 1044 2318 manet;
1116 2276 1141 2325 1,ς

144 2338 280 2415 quoniam
294 2339 372 2415 quod
390 2340 522 2395 mutatur
534 2337 592 2395 fuit
612 2338 724 2413 aliquid
736 2338 814 2415 quod
830 2338 892 2414 jam
911 2358 970 2397 non
990 2343 1042 2412 est,
1114 2322 1147 2385 ³³³³*
1158 2372 1168 2391 .·

144 2438 175 2493 et
194 2434 250 2493 erit
270 2434 347 2511 quod
366 2434 495 2491 nondum
514 2433 583 2510 est)
597 2433 673 2490 nihil
684 2453 759 2508 ¹ergo
772 2434 861 2492 habet
880 2433 959 2492 Deus
979 2454 1045 2492 oon-

142 2528 274 2588 trarium.
310 2528 342 2588 si
355 2527 433 2587 enim
447 2532 625 2605 quaereretur
638 2548 655 2586 a
668 2527 749 2586 nobis
762 2528 835 2604 quid
848 2527 886 2586 sit
899 2528 1044 2603 albooou·

143 2621 274 2693 trarium,
297 2622 532 2697 responderemus
555 2621 689 2696 nigrum3
721 2623 745 2680 si
769 2627 948 2701 quaereretur
974 2625 1045 2701 quid

145 2715 184 2774 sit
197 2716 289 2774 calido
303 2716 487 2789 eontrarium,
503 2718 738 2792 responderemus
751 2718 907 2793 frigidum3
928 2718 952 2776 si
966 2739 1045 2796 quae·

145 2814 258 2870 reretur
274 2811 346 2887 quid
365 2812 404 2870 sit
422 2812 514 2871 veloci
534 2812 717 2887 eontrarium,
733 2814 967 2890 responderemus
986 2819 1045 2874 tar·

147 2905 234 2976 dum3
259 2908 290 2963 et
310 2925 499 2984 quaecumque
524 2906 639 2966 similia.
689 2909 762 2968 Cum
783 2912 881 2967 autem
905 2908 1046 2985 quaeritur

146 2999 218 3076 quid
231 2998 269 3058 sit
283 3002 458 3060 oonuanum
472 3003 499 3061 ei
512 3004 590 3080 quod
602 3006 655 3078 est,
670 3012 748 3063 reete
766 3004 956 3080 respondetur
968 3007 1046 3081 quod

144 3099 269 3153 nonest.
961 3147 963 3152 ,

71 3260 74 3264 ¹
99 3268 103 3273 .
185 3195 212 3248 8.
236 3190 293 3249 Sed
313 3191 447 3267 quoniam
466 3213 519 3269 per
537 3195 731 3270 temporalem,
753 3198 788 3254 ut
807 3195 879 3270 dixi,
899 3196 1045 3274 dispensa·

145 3284 264 3359 tionem,
280 3287 316 3344 ad
337 3291 464 3345 nostram
484 3289 607 3348 salutem
626 3294 657 3348 et
675 3291 893 3367 reparationem,
908 3299 1044 3370 operante

146 3381 203 3441 Dei
224 3383 413 3459 benignitate,
437 3385 473 3443 ab
495 3383 548 3444 illa
568 3385 796 3448 incommutabili
818 3388 877 3449 Dei
898 3389 1057 3464 Sapientia
