2356 3780
390 238 482 279 sunno
501 237 540 280 in
559 236 791 281 carucnuunros.
998 216 1035 276 el

143 403 302 465 nonhabet
314 404 452 464 initium?
486 405 530 464 De
544 412 650 465 eterno
669 409 840 465 coaeternus·
878 403 1037 479 Nunquam

142 496 203 558 fuit
215 498 303 558 Pater
314 505 346 560 et
363 519 422 582 non
435 502 498 560 erat
510 499 621 574 Filius;
642 507 672 560 et
691 506 788 560 tamen
805 499 900 558 Filius
918 519 937 557 a
949 498 1038 556 Patre

142 596 188 676 est
200 595 324 669 genitus.
357 596 441 656 Unde
455 596 542 656 datur
554 597 772 674 qualiscumque
786 591 968 654 similitudo?
998 594 1038 652 In

141 689 228 758 rebus
240 691 362 751 terrenis
381 711 488 765 sumus,
504 692 537 752 in
556 688 688 751 creaturi
699 691 810 777 visibili
829 711 937 750 sumus.
978 689 1038 749 Det

140 783 214 858 mihi
227 786 446 849 similitudinem
458 793 555 848 terra:
576 807 635 847 non
648 789 707 849 dat.
747 786 806 847 Det
818 786 892 845 mihi
909 785 1037 868 aliquem

140 879 361 962 similitudinem
379 883 523 942 undarum
542 883 736 943 elementum:
765 900 823 941 non
841 881 930 940 habet
948 880 1035 940 unde.

140 973 200 1046 Det
211 975 284 1035 mihi
297 977 516 1038 similitudinem
527 977 644 1054 aliquod
656 976 780 1038 animal:
798 995 852 1035 uec
864 976 918 1034 hoc
930 978 1037 1052 potest.

140 1072 259 1137 Animal
272 1075 389 1151 quidem
401 1080 529 1151 generat,
542 1086 573 1133 et
585 1075 663 1153 quod
674 1087 802 1153 generat,
817 1082 847 1132 et
860 1073 937 1149 quod
950 1089 1036 1147 gene·

139 1171 237 1228 ratur:
266 1169 316 1229 sed
337 1170 416 1248 prior
438 1173 483 1229 est
504 1173 594 1247 pater,
619 1174 651 1230 et
675 1172 775 1247 postea
797 1167 924 1226 nescitur
945 1166 1064 1238 filius*

139 1263 327 1337 Inveniemus
345 1285 482 1339 eoaerum,
497 1270 528 1325 et
548 1265 696 1324 credamus
715 1267 898 1323 coeternum.
940 1261 972 1319 Si
984 1280 1036 1337 po-

139 1360 281 1438 tuerimus
298 1360 429 1420 iuvenire
447 1367 560 1438 petrem
579 1379 708 1419 cosevum
726 1359 788 1419 filio
808 1377 869 1432 suo,
892 1361 923 1417 et
941 1357 1037 1434 filium

139 1455 368 1537 coaevumpctri
393 1476 453 1529 suo,
480 1457 628 1516 credemus
650 1456 746 1515 Deum
768 1456 884 1514 Patrem
906 1471 1035 1512 coaevum

137 1548 215 1608 Filio
235 1571 295 1626 suo,
311 1556 342 1612 et
359 1553 456 1612 Deum
469 1552 580 1613 Filium
599 1556 774 1612 coaeternum
793 1549 875 1610 Patri
894 1569 955 1608 suc.
996 1547 1036 1606 In

138 1651 216 1706 terra
240 1667 391 1725 possumus
413 1648 543 1708 invenire
566 1648 693 1726 aliquem
719 1667 857 1721 eoscvum,
883 1667 943 1706 non
968 1655 1035 1724 pos·

137 1762 238 1803 sumus
256 1743 385 1804 iuvenire
405 1745 533 1822 aliquem
551 1750 734 1805 coeternum.
776 1744 967 1804 Intendamus
986 1761 1037 1801 co-

138 1855 242 1914 aevum,
268 1843 298 1899 et
321 1839 470 1900 credamus
492 1842 678 1901 eoaetemurir.
719 1841 855 1900 Intentos
876 1859 928 1898 voe
949 1837 1037 1898 faciet

135 1934 210 2001 forte
231 1935 337 2013 aliquis
360 1940 391 1996 et
412 1935 498 2009 dicet,
522 1935 673 2002 “Quando
693 1941 789 2013 potest
805 1935 931 1994 inveniri
953 1940 1037 2011 pater

135 2049 249 2091 correvus
261 2032 323 2090 filio
344 2051 405 2106 sno,
421 2034 473 2092 eut
489 2016 569 2090 filius
586 2051 699 2091 coaevus
718 2031 796 2108 patri
817 2029 887 2091 suo?
921 2030 975 2106 Ut,
986 2050 1036 2106 ge·

134 2129 218 2185 neret
235 2131 326 2203 pater,
342 2127 487 2187 antecedit
506 2130 610 2199 aetate3
632 2131 666 2187 ut
684 2133 819 2186 nuscetur
836 2127 923 2199 filins,
940 2126 1035 2203 sequi·

135 2224 186 2280 tur
205 2224 308 2280 etate:
329 2220 379 2280 sed
397 2221 446 2280 hie
466 2240 579 2280 coscvus
597 2227 679 2299 pater
697 2223 769 2296 filio,
785 2222 833 2280 vel
850 2222 928 2280 filius
947 2220 1034 2297 patri,

137 2316 277 2394 quomodo
284 2319 380 2394 potest
388 2335 449 2374 esse
458 2314 491 2374 ?'’
515 2317 653 2374 Occurrat
660 2316 741 2376 vobis
753 2316 831 2391 ignis
839 2322 930 2394 pater,
941 2317 1037 2393 splen·

136 2412 188 2471 dor
200 2410 295 2484 filius3
316 2431 381 2470 ecee
399 2410 564 2470 invenimus
581 2431 700 2471 coaevos
741 2413 861 2489 Exque
880 2412 956 2487 ignis
974 2432 1036 2472 esse

135 2507 232 2585 coepit,
262 2505 397 2566 continuo
428 2505 608 2583 splendorem
636 2505 750 2582 gignit:
782 2526 836 2567 uec
861 2507 939 2582 ignis
964 2511 1033 2567 ante

134 2593 324 2680 splendorem,
343 2622 398 2662 neo
417 2601 552 2679 splendor
570 2605 636 2679 post
658 2601 765 2678 ignem.
806 2604 846 2662 Et
869 2603 895 2661 si
913 2603 1036 2662 iuterro-

134 2719 243 2775 gcmus,
256 2698 328 2765 Quis
341 2717 428 2776 quem
441 2701 569 2774 generat,
583 2697 660 2772 ignis
679 2698 869 2774 splendorem,
877 2703 929 2758 aut
941 2700 1036 2776 splen·

134 2796 187 2855 dor
198 2793 315 2871 ignem?
336 2793 472 2854 continuo
481 2792 563 2852 vobis
573 2794 697 2853 occurrit
710 2814 795 2853 seusu
804 2795 931 2854 naturali
939 2817 947 2866 ς
966 2816 1035 2873 pru-

135 2891 234 2951 dentia
253 2890 341 2949 insita
358 2889 503 2950 mentibus
519 2888 632 2963 vestris,
648 2908 746 2947 omnes
767 2889 905 2963 clamatis,
924 2891 1036 2966 “Ignis

135 2989 324 3067 splendorem,
334 3007 393 3046 non
402 2985 536 3064 splendor
548 2987 676 3063 ignem.'’
704 2987 779 3046 Ecce
791 2992 874 3063 pater
883 2988 1033 3066 incipieus,

134 3106 199 3145 ecce
219 3085 299 3144 filins
321 3085 417 3158 simul,
439 3103 493 3144 nec
513 3084 694 3158 antecedens,
713 3104 767 3143 nee
790 3105 919 3162 sequens.
953 3087 1036 3146 'Ecce

135 3202 202 3258 ergo
225 3186 308 3260 pater
330 3181 478 3259 incipiens,
503 3201 568 3241 ecoe
594 3182 674 3242 filius
700 3183 787 3241 simul
812 3182 961 3260 incipiens.
1003 3183 1035 3242 Si

135 3277 248 3366 ostendi
266 3277 348 3337 vobis
368 3280 481 3354 petrem
500 3277 696 3355 incipientem,
719 3286 749 3338 et
768 3279 863 3337 filium
886 3279 973 3337 simul
992 3279 1035 3340 in-

134 3375 297 3454 cipientem,
313 3373 420 3435 credite
433 3373 550 3434 Patrem
562 3394 620 3435 non
636 3375 832 3454 incipientem,
848 3379 879 3436 et
896 3395 963 3435 cum
976 3377 1033 3437 Illo
