2356 3780
393 255 431 294 sn
451 254 621 295 rnevrssnss
639 255 782 295 nersrom.
983 237 1035 293 181

139 438 226 509 etque
245 432 377 502 dormire,
392 430 541 491 evidenter
559 431 719 491 humanum
738 438 790 490 est.
833 431 891 490 Sed
910 431 1040 508 quinque

138 528 263 605 panibus
289 527 418 605 quinque
444 527 538 585 millia
563 527 713 587 hominum
741 527 853 599 satiare,
881 535 911 586 et
936 527 1038 602 largiri

139 624 326 683 Samaritanae
346 642 451 700 aquam
470 622 575 696 viram,
592 624 676 700 cujus
689 624 816 682 'hamtus
835 622 947 682 bibenti
966 641 1040 700 prae·

138 725 195 780 stet
218 739 255 778 ne
278 720 357 778 ultra
375 720 438 796 jam
459 717 548 792 sitiat,
573 706 911 795 ευρὲῖᾶὸὶειίιιῖἰηατίε
931 719 1025 796 planti

137 836 195 875 non
218 815 596 887 desidentibusambulere,
619 818 650 874 et
672 815 810 874 elationes
829 814 972 874 fluctuum
992 813 1037 872 in-

137 915 252 988 crepata
270 915 442 989 tempestate
462 915 652 984 consternere,
674 910 734 969 sine
754 909 944 984 ambiguitate
963 911 1025 970 diri

135 1028 208 1067 num
227 1010 280 1067 est.
321 1007 404 1067 Sicut
424 1026 500 1082 ergo,
515 1010 551 1066 ut
570 1007 664 1065 multa
683 1010 860 1082 praeteream,
882 1024 941 1065 non
961 1007 1037 1083 ejus·

137 1105 203 1163 dem
214 1107 327 1162 naenae
341 1106 393 1175 est,
408 1103 478 1162 flere
498 1100 690 1161 miserationis
703 1101 810 1160 affectu
826 1100 950 1160 amicum
963 1121 1039 1161 mor·

137 1210 230 1272 tuum,
253 1204 283 1258 et
306 1199 448 1273 eumdem,
470 1205 579 1258 remoto
600 1197 799 1275 quatriduanae
817 1216 920 1272 aggere
942 1200 1038 1275 sepul·

137 1300 221 1368 turae,
244 1296 281 1354 ad
299 1294 378 1353 vocis
400 1295 554 1372 imperium
574 1294 702 1355 excitare
725 1292 908 1367 redivivum3
936 1294 1040 1354 autin

138 1392 218 1467 ligno
237 1393 370 1470 pendere,
387 1396 425 1466 ct,
441 1391 473 1449 in
490 1396 604 1451 noctem
623 1391 688 1450 luce
709 1409 854 1464 conversa,
870 1389 966 1449 omnia
982 1390 1036 1448 ele-

138 1491 236 1547 menta
248 1488 434 1547 tremefacere
445 1509 452 1560 ;
473 1491 526 1546 aut
538 1486 628 1545 clavis
640 1485 815 1546 transfixum
827 1504 897 1560 esse,
914 1489 944 1545 et
956 1505 1039 1563 para·

139 1583 195 1641 disi
213 1591 311 1659 portas
324 1584 392 1642 fidei
412 1582 531 1642 lenonis
552 1582 679 1660 aperire3
699 1581 742 1642 ite
760 1601 820 1640 non
839 1581 969 1658 ejusdem
986 1601 1037 1640 na·

139 1682 214 1738 turae
235 1682 288 1751 est,
304 1677 407 1751 dicere,
429 1679 490 1755 Eoo
510 1682 538 1736 ct
550 1679 639 1738 Pater
658 1697 744 1736 caum
764 1696 864 1750 eumue,
887 1681 918 1737 et
934 1677 1038 1749 dicere,

140 1773 229 1832 Peter
248 1774 335 1848 maycr
355 1795 397 1832 me
417 1778 465 1832 eet.
509 1772 648 1839 Quamvis
666 1773 744 1831 enim
763 1772 795 1831 in
814 1772 937 1831 Domino
956 1772 1041 1832 Jnsu-

139 1869 275 1945 censeo,
289 1869 345 1928 Dei
366 1874 396 1930 et
412 1869 545 1942 hominis,
561 1889 621 1928 una
639 1888 760 1945 persona
778 1869 825 1943 sit,
842 1868 923 1928 aliud
942 1872 1041 1927 tamen

140 1969 192 2038 est,
212 1966 291 2025 unde
309 1965 342 2023 in
364 1970 489 2044 utroque
510 1966 670 2025 communis
693 1970 737 2025 est
757 1965 940 2039 costumiis,
961 1964 1041 2023 aliud
1073 2018 1077 2051 3

138 2060 217 2118 unde
241 2061 401 2120 eommunis
427 2065 471 2122 est
494 2062 594 2137 gloria.
635 2061 681 2120 De
703 2064 800 2119 nostro
823 2061 901 2119 enim
927 2061 974 2119 illi
996 2064 1041 2119 est
1074 2060 1078 2121 j

138 2155 233 2213 minor
245 2156 332 2214 Patre
351 2155 536 2229 humanitas3
557 2157 593 2216 de
605 2158 693 2215 Patre
712 2156 758 2213 illi
777 2159 822 2214 est
841 2155 963 2232 aequalis
976 2175 1042 2213 cum

140 2248 225 2307 Patre
238 2249 393 2310 Divinitas.
1034 2284 1037 2290 -

159 2499 224 2555 Cer.
243 2497 420 2555 V.-Vm·m
431 2498 523 2552 mersio
535 2499 566 2551 ie
581 2494 686 2550 Christo
694 2494 825 2566 probator
835 2513 869 2550 ea
880 2495 1028 2567 Scrt‘qstom.

180 2621 314 2679 Pacensis
327 2600 402 2678 hanc
415 2638 484 2694 ergo
503 2618 646 2678 unitatem
666 2637 795 2695 personoe
809 2619 841 2679 in
854 2624 978 2698 utraque
991 2641 1041 2680 ne·

139 2720 207 2776 tura
220 2715 449 2791 intelligendam,
465 2719 496 2776 et
508 2714 588 2774 filius
605 2715 731 2774 hominis
743 2715 852 2792 legitur
865 2717 1043 2776 descendisse

140 2812 176 2870 de
196 2811 276 2883 coelo,
293 2830 360 2870 cum
379 2811 459 2870 filius
471 2810 527 2869 Dei
548 2830 662 2870 earnem
682 2811 718 2870 de
737 2829 772 2869 ea
790 2811 912 2886 virgine,
928 2812 964 2870 de
984 2831 1043 2888 qua

139 2907 184 2965 est
201 2907 297 2980 natus,
313 2906 506 2983 assumpserit.
535 2907 589 2965 'Et
601 2925 701 2965 rursus
717 2905 798 2966 filius
809 2907 865 2966 Dei
886 2906 1043 2967 crucifixus

140 3001 247 3061 dicitur
268 3021 301 3060 ac
322 3002 461 3078 sepultus,
484 3023 551 3062 omn
570 3004 633 3061 haec
655 3021 713 3061 non
734 3002 767 3061 in
784 3002 948 3062 Divinitate
967 3001 1039 3078 ipsa,

138 3116 198 3173 qua
212 3096 389 3173 Unigenitns
409 3099 652 3176 consempiternus
673 3102 703 3158 et
724 3098 976 3159 consubstantialis
995 3103 1040 3158 est

139 3193 229 3268 Patri,
245 3195 295 3254 sed
314 3194 347 3254 in
358 3197 471 3255 naturae
484 3197 619 3255 humana
639 3196 679 3256 eit
697 3196 867 3257 infirmitate
880 3214 1040 3273 perpessus.
1130 3250 1132 3255 ,

139 3290 224 3350 Unde
244 3291 429 3368 unigenitum
448 3292 557 3351 Filium
577 3292 633 3351 Dei
653 3292 825 3352 crucifixum
845 3296 876 3352 et
895 3292 1043 3369 sepultum

140 3407 238 3446 omnes
260 3388 348 3448 etiam
371 3387 403 3445 in
427 3387 563 3466 symbolo
584 3389 762 3463 confitemur,
787 3389 944 3449 moundum
966 3388 1044 3447 illud

563 3488 619 3545 nt
