2356 3780
150 221 190 278 64
458 234 481 276 s.
493 235 560 278 1111
575 234 731 277 euersum

148 416 286 476 liberator
298 415 409 476 scilicet
420 419 518 474 noster
530 419 561 475 et
573 418 677 487 rector,
693 414 791 474 Filius
804 414 876 489 Dei3
897 433 956 473 non
969 413 1048 473 enim

149 513 279 573 Verbum
302 512 378 570 illud
397 531 450 588 per
468 511 546 588 quod
566 515 636 570 sunt
656 511 753 570 omniu
773 511 890 571 conditu
909 530 1048 587 generare

148 609 246 688 potuit
258 607 316 666 nisi
328 607 386 667 Ille
396 607 448 685 qui
458 627 512 683 per
523 607 621 682 ipsum
630 607 762 667 condidit
773 606 892 685 omniu)
904 607 1048 666 credimus

147 705 236 766 etium
249 723 284 762 ns
296 704 316 763 J
316 721 394 762 nsum
408 703 571 771 cumrerum,
584 703 697 762 qun
711 704 773 761 Dm
786 704 894 762 Psrms
906 722 1046 762 ornemu-

147 820 218 871 ruu,
232 801 263 859 id
281 803 325 860 est
343 799 473 868 unicum,
491 800 640 857 Domum
657 817 799 857 uosrnuu.
841 799 926 865 Quod
946 803 1046 859 tumen

146 898 276 957 Verbum
289 915 348 955 non
362 895 437 955 sicut
450 897 539 954 verbs
554 898 655 954 nostru
673 895 811 954 debemus
824 895 964 972 occipere,
978 915 1044 974 quae

146 1013 216 1052 voce
236 996 324 1070 utque
344 1011 393 1051 ore
412 991 525 1067 prolatu
545 991 695 1049 verberato
717 1010 782 1050 uere
807 995 971 1062 transeunt,
990 1012 1044 1051 nec

147 1088 259 1148 diutius
272 1091 392 1146 monent
404 1107 493 1164 quem
514 1088 628 1145 sonant.
669 1087 772 1146 Manet
790 1087 868 1146 enim
881 1088 958 1147 illud
970 1089 1044 1147 Ver·

144 1185 216 1244 bum
228 1183 526 1243 incommutabiliter:
549 1202 617 1241 1111
633 1183 670 1241 de
686 1182 756 1258 Ipso
770 1183 882 1242 dictum
901 1187 955 1256 est,
978 1204 1044 1244 cum

145 1280 181 1339 de
195 1279 344 1358 Sapientia
366 1279 519 1350 diceretur,
538 1280 576 1337 In
599 1299 625 1337 sc
646 1280 709 1355 ipur
728 1298 839 1337 mancos
854 1280 968 1340 inuocat
988 1302 1043 1340 om·

143 1378 203 1437 nio.
244 1377 373 1436 Verbum
394 1383 491 1434 sutem
511 1375 606 1434 Patris
626 1375 690 1433 ideo
710 1374 822 1433 dictum
840 1380 893 1444 est,
908 1377 977 1454 quia
990 1398 1042 1454 per

144 1473 246 1551 Ipsum
263 1471 420 1531 innotescit
436 1472 532 1530 Pater.
576 1471 659 1530 Sicut
680 1490 748 1545 ergo
769 1471 865 1529 verbis
885 1473 991 1532 nostris
1012 1472 1043 1532 id

144 1568 267 1646 egimus,
282 1588 348 1628 oum
361 1587 463 1626 verum
484 1567 641 1644 loquimur,
654 1572 689 1627 ut
707 1572 805 1627 noster
825 1567 940 1626 animus
957 1568 1041 1626 inno·

143 1668 236 1724 tesoot
249 1663 389 1733 audienti,
406 1667 436 1722 et
449 1662 593 1740 quidquid
607 1668 750 1722 secretum
769 1663 802 1722 in
816 1664 901 1723 corde
916 1663 1042 1738 gerimus

143 1780 195 1838 per
208 1760 291 1835 signa
301 1758 469 1836 hujusmodi
483 1759 519 1817 ad
533 1759 726 1835 cognitionem
735 1759 856 1819 ulterius
868 1760 1040 1837 proferatur,

147 1856 187 1914 sio
208 1855 261 1913 illa
281 1855 438 1931 Sapientis,
459 1874 547 1931 quum
566 1856 645 1914 Deus
667 1857 755 1915 Pater
772 1857 883 1932 genuit,
903 1855 1040 1933 qnoniam

142 1971 195 2028 per
207 1950 300 2028 ipsum
314 1950 469 2009 innotescit
487 1950 584 2026 dignis
603 1951 708 2010 animis
722 1952 929 2012 secretissimus
943 1952 1039 2023 Pater,

141 2047 271 2104 Verbum
284 2047 348 2123 ejus
361 2046 631 2106 convenientissime
643 2048 819 2107 nominatur.

181 2148 209 2201 4.
233 2143 317 2202 Inter
340 2142 468 2201 animum
492 2149 589 2202 eutem
615 2149 747 2203 nostrum
771 2150 801 2205 et
823 2146 911 2203 verbo
933 2149 1039 2220 nostru,

141 2239 247 2315 quibus
261 2239 394 2298 eumdem
407 2238 537 2298 animum
554 2242 704 2300 ostendere
718 2261 864 2314 conamur,
879 2241 1039 2319 plurimum

140 2335 238 2394 distat.
280 2335 312 2394 N
314 2355 345 2393 os
359 2335 467 2413 quippe
485 2356 544 2394 non
562 2336 710 2412 gignimus
729 2337 861 2395 sonantia
874 2339 971 2412 verba,
988 2339 1039 2397 sed

140 2431 281 2502 facimus3
314 2431 421 2509 quibus
449 2418 589 2491 iaciendis
617 2433 738 2493 materia
766 2435 896 2512 subjacet
923 2453 1033 2510 corpus.

139 2527 301 2586 Plurimum
330 2531 428 2588 autem
455 2528 577 2587 interest
603 2529 682 2588 inter
708 2529 838 2588 animum
866 2535 896 2589 et
924 2549 1034 2607 corpus.

139 2622 222 2682 Deus
248 2644 326 2693 vero,
354 2644 420 2683 cum
447 2625 576 2683 Verbum
604 2626 713 2700 genuit,
736 2625 767 2683 id
794 2627 872 2703 quod
898 2630 943 2685 est
969 2627 1037 2704 Ipse

140 2720 260 2794 genuit:
283 2740 378 2797 neque
402 2721 438 2778 de
463 2720 566 2796 nihilo,
590 2741 684 2798 neque
706 2721 742 2778 de
763 2722 862 2799 eliqua
878 2723 941 2800 jum
960 2722 1037 2780 fucta

139 2816 310 2893 conditaque
332 2817 461 2891 materia,
485 2818 536 2876 sed
557 2819 592 2876 de
614 2817 713 2894 Seipso
737 2818 767 2876 id
791 2820 869 2896 quod
891 2825 935 2879 est
958 2820 1035 2895 Ipse.

139 2911 204 2970 Hoc
230 2912 306 2970 enim
335 2917 366 2972 et
391 2935 443 2974 nos
470 2934 616 2982 conamur,
644 2934 710 2973 oum
737 2914 892 2992 loquimur,
918 2915 944 2973 si
970 2915 1035 2973 dili-

137 3015 238 3083 genter
264 3010 477 3069 consideremus
500 3017 605 3070 nostrae
633 3010 793 3070 voluntatis
821 3013 1036 3089 appetitum,-

135 3123 194 3162 non
217 3125 283 3164 oum
306 3107 464 3166 mentimur
481 3108 531 3167 sed
549 3128 615 3166 oum
637 3126 738 3166 verum
756 3107 913 3186 loquimur.
956 3109 1035 3174 Quid

134 3201 212 3259 onim
231 3203 311 3263 uliud
336 3205 479 3277 molimur,
499 3205 557 3263 nisi
579 3203 708 3262 animum
730 3203 826 3281 ipsum
847 3209 988 3276 nostrum,
1004 3203 1030 3262 si

135 3296 199 3355 fieri
212 3302 315 3374 potest,
327 3302 553 3375 cognoscendum
564 3304 594 3359 et
603 3299 834 3375 perspiciendum
844 3300 939 3358 animo
948 3299 1030 3358 audi-

131 3380 344 3468 torisiuferic;
367 3396 452 3455 utin
470 3397 553 3457 nobis
573 3395 630 3473 ipsi
651 3396 766 3473 quidem
785 3417 960 3469 maneamus,
976 3415 1030 3455 nec
