2356 3780
377 249 411 289 nr
431 249 585 290 arneomai
605 249 813 292 arosrouoamr.
987 237 1041 292 lll

147 415 218 488 enti,
233 419 269 474 ut
281 415 361 474 cordi
373 417 503 486 verbum,
516 419 551 474 ut
563 415 633 475 forti
642 415 744 476 virtus.
787 419 863 477 Nam
877 417 954 477 sicut
967 418 1045 477 solus

148 511 260 587 sapiens
281 511 369 572 Potor
389 513 425 571 ob
445 512 584 588 Apostolo
604 511 719 588 dicitur,
742 514 785 574 ita
804 519 834 572 et
855 514 932 572 solus
948 513 1044 572 Filius

148 607 290 683 sapientia
303 607 479 667 nominatur.
521 609 633 669 Unicus
647 630 713 685 ergo
726 610 822 668 Filius
841 614 904 669 est:
928 613 957 669 et
977 629 1044 669 cum

149 701 187 762 sit
200 705 300 778 gloria,
317 704 556 782 sempiternitate,
572 706 691 780 virtute,
707 727 806 782 regno,
822 695 973 783 potestate,
989 707 1044 767 hoc

147 800 225 875 quod
244 802 332 861 Peter
351 806 403 872 est,
427 801 523 859 omnia
545 809 641 860 tamen
663 803 726 860 haec
750 823 809 860 non
830 803 892 861 sine
916 808 1041 877 auctore,

146 893 222 955 sicut
234 884 333 971 Pater,
344 897 394 955 sed
407 916 445 955 ex
458 898 554 970 Patre,
567 901 707 974 tanquam
719 897 823 971 Filius,
840 898 901 957 sine
914 897 1000 957 initio
1013 905 1044 960 et

145 992 264 1068 aequalis
281 995 387 1062 habet;
410 1012 534 1069 cumque
554 993 594 1052 sit
607 994 674 1070 Ipse
690 994 819 1052 omnium
833 998 930 1070 caput,
944 994 1043 1070 Ipsius

144 1090 242 1146 tamen
263 1095 352 1166 caput
371 1093 416 1148 est
431 1088 527 1148 Pater.
568 1089 616 1148 Sic
637 1089 715 1146 enim
735 1089 876 1166 scriptum
895 1094 948 1163 est,
967 1090 1042 1165 Quia

143 1188 227 1259 capot
245 1185 353 1244 Christi
364 1188 440 1244 Deus
453 1191 500 1244 cst.

184 1279 211 1337 7.
236 1283 255 1313 “
264 1281 394 1340 Filium'’
410 1301 477 1341 sane
496 1300 562 1340 cum
576 1280 668 1349 audis,
681 1281 748 1339 nolo
762 1279 967 1356 cogitationem
980 1301 1041 1340 cor·

143 1373 219 1432 nelis
238 1376 402 1436 nativitatis
422 1397 559 1446 assumes,
580 1377 629 1434 sed
652 1381 796 1435 memento
816 1377 870 1434 hcc
891 1377 926 1434 de
945 1376 1040 1436 incor-
1089 1389 1094 1397 ’

143 1489 230 1546 porea
242 1472 300 1531 dici
318 1474 481 1534 substantia
494 1481 524 1532 et
540 1478 653 1532 naturae
668 1472 816 1550 simplicis.
858 1472 890 1530 Si
903 1473 989 1547 enim,
1005 1478 1042 1534 ut

144 1584 231 1642 supra
241 1568 303 1645 jam
316 1569 454 1640 diximus,
471 1569 518 1627 vel
527 1561 562 1627 ¹iu
577 1589 610 1626 eo
624 1568 702 1645 quod
715 1588 763 1627 cor
774 1572 895 1643 generat
906 1569 1037 1642 verbum,

143 1662 192 1720 rel
205 1683 285 1722 mens
299 1684 423 1738 sensum,
439 1666 487 1724 vel
500 1666 553 1723 lux
567 1684 605 1723 ex
623 1685 653 1724 se
667 1665 744 1742 parit
758 1664 949 1740 splendorem,¹
965 1665 1041 1724 nihil

143 1758 248 1818 horum
261 1762 428 1839 requiritur,
444 1782 497 1821 nec
510 1762 572 1819 ulla
589 1762 620 1820 in
633 1763 687 1822 toli
701 1759 884 1837 generatione
897 1761 1041 1837 fragilitas

143 1855 296 1932 cogitatur,
312 1863 421 1934 quanto
433 1859 536 1934 purius
549 1861 580 1916 et
593 1859 731 1919 sacratius
745 1858 780 1916 de
793 1857 897 1915 horum
910 1859 1040 1918 omnium

144 1952 276 2014 Creatore
290 1957 463 2016 censendum
476 1955 540 2016 est?

183 2050 240 2110 Sed
261 2053 382 2111 fortusse
405 2054 491 2126 dicas,
515 2053 578 2112 Ista
600 2073 688 2129 quam
710 2071 849 2111 memoras
873 2050 1039 2110 insubstan-

142 2143 204 2203 tiva
217 2154 261 2204 est
275 2147 431 2223 generatio.
464 2149 567 2226 Neque
582 2149 658 2207 enim
671 2149 726 2206 lux
739 2146 955 2206 substantivum
968 2146 1040 2206 fecit

142 2240 329 2316 splendorem,
359 2247 411 2302 aut
439 2263 488 2302 cor
514 2245 726 2303 substantivum
754 2246 873 2318 generat
899 2242 1037 2316 verbum3

141 2336 236 2395 Filius
257 2341 355 2395 autem
375 2339 431 2398 Dei
453 2339 682 2398 substantialiter
708 2337 847 2396 asseritur
873 2342 1037 2412 generatus.

141 2434 189 2492 Ad
208 2435 263 2492 hoc
285 2435 378 2512 primo
402 2424 543 2494 omniun?
554 2435 630 2493 illud
649 2434 779 2506 dicimus,
805 2432 878 2491 Cum
898 2431 984 2489 etiarn
1005 2431 1038 2489 in

141 2531 252 2590 caeteris
279 2535 462 2608 proferantur
488 2531 630 2606 exempla,
655 2551 713 2588 non
740 2550 791 2607 per
818 2527 914 2587 omnia
940 2533 1038 2586 tamen

141 2627 361 2689 similitudinem
385 2649 497 2688 servare
522 2632 644 2706 possunt
665 2627 709 2685 rei
734 2626 816 2685 illius
837 2625 885 2683 cui
910 2624 1039 2700 praebere

141 2730 283 2801 putantur
295 2726 470 2804 exemplum,
487 2725 537 2783 sed
557 2723 645 2782 unius
659 2722 784 2800 alicujus
797 2719 897 2798 partis,
914 2739 966 2796 pro
979 2739 1039 2796 qus

139 2819 276 2879 videntur
289 2817 659 2893 assumta,·similitudinem
673 2823 781 2874 tenent.
822 2813 912 2873 Verbi
932 2812 1035 2887 gratia,

139 2920 175 2976 ut
195 2936 260 2975 oum
282 2916 315 2974 in
332 2914 489 2990 Evangelio
508 2913 624 2985 dicitur,
648 2911 747 2971 Simile
766 2915 807 2969 cst
826 2928 940 2986 regnum
962 2907 1010 2966 cod
1025 2943 1037 2955 -

138 3034 202 3074 rom
215 3015 360 3090 fomento,
376 3011 447 3088 quod
465 3008 603 3068 abscondit
617 3006 717 3065 malim
731 3008 762 3064 ia
775 3006 885 3082 farine
901 3002 1037 3062 micardis

138 3109 235 3183 tribua,
260 3106 469 3184 numquidnam
490 3103 657 3180 putabimus
682 3122 803 3176 regnum
826 3101 962 3159 coelorum
984 3118 1037 3175 per

136 3205 232 3264 omnia
245 3204 337 3263 simile
351 3222 411 3261 csse
424 3202 574 3272 fermento,
590 3202 625 3257 ut
645 3197 805 3256 substantia
817 3196 869 3254 illa
882 3195 924 3254 ita
936 3195 1035 3271 palpe-

135 3303 203 3363 bilis
216 3301 255 3360 sit
274 3320 306 3358 ac
320 3297 440 3374 fragilis,
456 3300 534 3356 utet
553 3295 635 3353 acida
647 3293 711 3368 fieri
729 3298 825 3371 posset
838 3300 868 3351 et
881 3289 1034 3368 corrupta?

135 3399 193 3460 Sed
212 3397 320 3457 adhoc
339 3395 432 3454 solum
452 3392 617 3470 exemplum
636 3390 716 3450 istud
734 3389 850 3450 videtur
869 3386 988 3459 assumi,
999 3389 1038 3445 ut
