2356 3780
374 278 466 318 sunno
486 279 523 318 au
543 279 774 321 cirsonnnuos.
986 258 1022 318 97

125 442 230 501 diabolo
243 447 271 500 et
289 443 392 520 anpala's
413 444 479 520 aaa.
521 443 568 503 Sio
582 442 793 520 judicabuntur
805 463 823 501 a
836 442 949 502 Christo
963 441 1024 500 vivi

124 542 155 597 et
180 537 295 596 mortui.
345 538 432 598 Dicta
457 546 501 598 est
529 538 623 615 prima
648 538 709 598 sine
734 542 862 614 tempore
886 537 1024 596 nativitas

125 634 242 708 christi,
258 635 336 694 diota
351 639 395 694 est
416 634 474 693 alia
493 634 526 693 in
545 634 728 712 plenitudine
745 634 881 710 temporis
902 634 938 692 de
955 633 1022 692 Vir-

109 713 190 804 'gine
209 729 347 789 nativitas
368 729 484 803 cuns,
500 731 578 789 assu
597 736 641 789 est
660 729 753 807 passo
774 728 890 802 chao,
912 727 1023 787 neum

123 829 168 884 est
183 824 328 901 judicium
348 824 465 884 Christi.
505 826 612 884 Totum
631 826 743 885 dietum
762 829 814 897 est,
830 824 908 900 quod
927 823 1022 882 dioen-

122 920 193 979 dum
212 926 275 980 erat
294 923 330 980 ‹le
344 921 466 994 Christo,
482 921 559 980 Filio
576 921 633 980 Dei
652 921 746 996 unioo,
761 920 884 980 Domino
903 931 1020 979 nostro:

121 1017 171 1074 sed
183 1017 311 1075 nondum
322 1018 451 1093 perfeota
464 1026 508 1076 est
521 1017 656 1076 Trinitas.
1015 1011 1033 1026 ⁹

164 1117 208 1171 13.
231 1112 370 1189 Sequitur
387 1112 419 1171 in
440 1113 583 1189 Symbola
606 1113 648 1170 Er
668 1131 703 1170 ns
724 1112 867 1172 Smnrrun
890 1129 1021 1171 sinerum

120 1207 184 1266 Ista
204 1208 333 1268 Trinitas
355 1228 431 1267 unus
449 1209 538 1282 Deus,
560 1227 620 1266 una
642 1212 747 1268 natura
769 1228 829 1267 una
849 1207 1019 1280 substantia,

120 1321 179 1367 una
204 1303 342 1380 potentia,
371 1323 482 1362 summa
508 1302 666 1380 aequalius,
691 1304 775 1362 nulla
800 1303 913 1372 divisio,
938 1303 1022 1361 nulla

119 1394 279 1468 diversitas,
294 1399 434 1472 perpetua
453 1396 585 1456 ebaritas
626 1395 729 1458 Vultis
744 1416 825 1456 nosse
845 1397 923 1474 quod
940 1396 1021 1454 Deus

119 1499 163 1550 ost
185 1491 309 1568 Spiritus
328 1491 474 1551 Sanetus?
513 1493 716 1571 Baptizamini,
737 1498 767 1553 et
785 1493 927 1569 templum
947 1491 1021 1568 Ejus

118 1586 208 1645 eritis.
242 1587 397 1664 Apostolus
410 1588 490 1662 dicit,
506 1589 628 1650 Nescitis
642 1590 710 1668 quia
722 1597 837 1664 corpora
849 1593 940 1648 umbra
954 1592 1019 1646 bm-

111 1682 194 1757 pbum
214 1684 245 1741 in
261 1683 335 1742 vobis
354 1688 395 1741 ast
415 1684 544 1758 apiatas
559 1686 667 1759 Sancti,
683 1704 760 1763 quem
779 1683 882 1743 habetis
900 1703 918 1742 a
934 1684 1020 1742 Deo!

117 1778 270 1855 Templum
289 1778 380 1838 habet
395 1779 494 1839 Deus:
521 1800 589 1839 nam
611 1787 641 1840 et
664 1780 806 1853 Salomon,
826 1798 879 1838 rex
901 1782 932 1839 et
953 1798 1019 1854 pro·

115 1874 211 1950 pheta,
230 1874 329 1950 jussus
346 1880 391 1933 est
410 1875 554 1934 aedifioare
568 1877 710 1952 templum
728 1875 799 1934 Deo.
840 1873 875 1934 Si
893 1873 1017 1934 adifica-

113 1973 160 2029 ret
184 1970 326 2046 templum
353 1970 415 2043 soli,
441 1979 497 2030 aut
525 1972 613 2044 luna,
642 1978 694 2032 aut
719 1971 812 2030 stellas
839 1969 937 2044 aliani,
966 1977 1020 2030 aut

114 2062 204 2120 ulioui
218 2063 329 2138 angelo,
345 2082 440 2122 nonne
452 2064 602 2124 damnaret
619 2064 705 2123 illum
716 2062 821 2124 Deus?
861 2063 938 2130 Quia
951 2085 1019 2139 ergo

114 2156 256 2231 templum
275 2152 430 2216 aedilioarit
441 2159 512 2232 Deo,
529 2159 654 2220 ostendit
675 2180 705 2219 se
725 2161 817 2220 colere
830 2160 935 2220 Deum.
977 2164 1018 2220 Et

113 2250 191 2308 unde
204 2251 382 2312 aedifioavit?
410 2253 455 2313 De
468 2253 556 2329 lignis
569 2263 599 2315 et
611 2256 773 2332 lapidibus:
797 2256 865 2332 quia
880 2257 1018 2332 dignatsrs

113 2349 158 2402 est
171 2345 252 2403 Dens
265 2347 358 2404 faeere
376 2346 432 2406 sibi
450 2368 503 2424 per
515 2369 631 2409 servum
650 2370 736 2408 suum
748 2350 865 2408 domum
884 2349 916 2408 in
930 2361 1013 2423 terra,

113 2439 165 2499 ubi
190 2449 348 2516 rogaretur,
374 2443 426 2501 ubi
448 2449 663 2504 memoraretur.
712 2445 797 2505 Unde
820 2445 894 2505 dioit
915 2447 1016 2504 beatum

113 2535 286 2613 Stephanus,
312 2537 442 2598 Sabaon
463 2540 608 2617 aedificavit
629 2540 689 2600 Illa'
710 2541 825 2613 mam,
850 2543 898 2600 aad
918 2540 1014 2618 Alta'a-

112 2632 197 2691 aa'mas
220 2653 274 2690 aaa
294 2634 326 2692 in
347 2655 432 2694 manu
447 2637 540 2712 sortia
568 2636 677 2712 templu
700 2636 848 2695 inhabitat.
891 2636 923 2696 Si
946 2655 1015 2711 orgo

111 2744 229 2803 oorpora
245 2732 343 2787 nostra
354 2731 497 2807 templum
509 2735 554 2791 est
567 2731 694 2808 Spiritus
709 2731 816 2804 Sancti,
828 2731 922 2810 qualis
934 2731 1015 2790 Deus

110 2822 220 2898 estqui
233 2823 388 2884 aedifioavit
400 2825 542 2902 templum
556 2826 678 2903 Spiritui
698 2825 825 2886 Sancto?
853 2827 910 2886 Sed
922 2827 1011 2887 Deus.

110 2916 143 2976 Si
159 2917 236 2976 enim
254 2920 396 2995 templum
415 2920 542 2996 Spiritus
559 2920 660 2981 Sancti
679 2929 749 2983 sunt
768 2942 885 3000 corpora
903 2926 1010 2997 nostru,

109 3011 168 3071 Ille
182 3013 305 3090 Spiritui
322 3013 427 3075 Sanoto
440 3016 596 3077 aedificavit
607 3019 759 3096 templum,
775 3018 827 3097 qui
844 3022 876 3078 ot
895 3034 1012 3095 corpora

108 3112 216 3168 nostra.
239 3110 394 3171 Attendite
406 3113 580 3189 Apostolum
593 3113 745 3189 dicentum,
760 3111 838 3191 Dassa
850 3114 1012 3188 sasamon

106 3226 213 3282 eorpus,
228 3208 257 3266 ei
275 3209 323 3267 oui
338 3209 430 3269 deerat
449 3211 578 3287 Μῶφι
598 3211 723 3277 bonnam
736 3198 898 3286 (imnum
909 3210 1010 3287 loque·

105 3312 188 3361 retur
207 3303 244 3363 ds
265 3303 386 3364 divorsis
406 3305 550 3380 membris,
573 3312 609 3366 ut
629 3325 688 3369 non
710 3311 808 3375 esunt
828 3306 959 3367 seisumae
979 3306 1011 3365 in

105 3417 231 3475 eor-poro.
269 3399 350 3459 Deus
362 3399 471 3462 meavit
484 3421 587 3479 eorpus
604 3403 746 3465 nostrum.
786 3398 1022 3463 Haemum

546 3516 574 3560 a
1036 3454 1112 3544 t
