2356 3780
188 187 244 244 130
460 199 566 241 numu
585 199 808 241 comunimus

183 370 282 427 tamen
300 370 330 427 et
347 367 423 426 aliae
447 368 476 424 A
495 371 643 447 oonapeetre,
668 364 775 443 inquit,
797 365 958 443 iniquitatis
979 363 1088 422 ebletro

185 467 226 521 eet
236 464 342 539 saetae,
357 467 384 522 et
402 463 433 520 r'ee
448 467 572 538 paroeat
592 462 748 538 horreres.
789 461 831 520 Et
849 460 937 520 alibi:
958 461 1000 518 Et
1020 460 1088 519 dabo

184 557 318 634 meliorare
336 578 393 635 pro
411 557 554 633 sepultura
574 559 639 635 qia.
680 557 721 617 Et
740 557 812 616 item
828 556 920 620 aliua:
945 557 1088 616 Reeuleree

184 655 317 716 dormivit
328 659 362 713 ut
374 654 423 727 leo,
439 658 466 713 et
479 659 512 712 ut
524 653 632 713 rotulae
646 654 730 712 leonia
740 672 750 711 :
770 652 833 730 quie
846 653 990 735 mutabit
1003 657 1088 712 erem?

223 755 271 810 28.
294 750 351 809 Sed
365 749 453 809 etiam
466 750 544 826 quod
562 749 594 808 in
607 749 754 808 infernum
767 749 923 823 deseendit,
939 749 1088 809 evidenter

183 845 391 922 pronunciatur
416 844 448 902 in
475 843 606 919 Psalmis,
634 843 686 903 ubi
713 843 793 917 dieii,
822 844 866 902 Et
893 845 924 903 e'ee
944 845 1088 920 pulverera

182 942 279 1001 mortu
299 940 509 1001 deduxistime.
552 940 592 1000 Et
614 939 729 1014 iterum,
757 939 823 1008 Qoe
842 939 954 998 utiliter
977 942 1008 998 r're
1027 959 1089 999 aar·

180 1039 265 1115 quiae
278 1058 343 1112 meo,
360 1038 424 1096 dum
438 1037 593 1096 deaeeredere
607 1036 877 1110 incorruptionem?
916 1037 956 1095 Et
968 1036 1085 1110 iterum¹

183 1134 319 1193 Deeeerede'
330 1135 363 1192 e're
376 1134 475 1193 limem
486 1133 633 1208 pros'urede',
650 1137 677 1191 et
690 1152 745 1190 reon
764 1137 804 1190 eet
824 1131 987 1191 substantie.
1031 1131 1089 1190 Sed

182 1234 213 1289 et
231 1230 357 1289 Joonnes
378 1229 457 1303 dicit,
483 1231 529 1287 Tre
552 1248 578 1286 ea
602 1228 654 1305 qui
675 1232 806 1287 reatorem
830 1248 857 1286 ee
877 1227 922 1304 (in
941 1226 1088 1286 infernum

182 1325 244 1384 aine
271 1325 372 1403 dubio)
400 1345 437 1384 en
463 1325 551 1384 elium
577 1326 775 1401 expectamus?
813 1324 898 1382 Unde
926 1328 956 1384 et
982 1324 1088 1382 Petrus

182 1421 262 1496 dicit,
289 1423 362 1492 Qee'e
387 1423 526 1495 Clerieteee,
551 1420 732 1496 mortefleotue
751 1439 840 1491 errae,
862 1420 1016 1497 oe'efieetue
1036 1441 1087 1481 eu-

184 1523 237 1576 tem
257 1519 365 1593 spirita
385 1518 436 1594 que'
453 1517 485 1574 e'ee
506 1517 566 1592 eleae
586 1515 703 1587 uberae,
718 1514 758 1573 ee‘e
778 1515 829 1591 qee'
848 1516 878 1573 e're
899 1535 1005 1574 earcere
1026 1536 1086 1575 oere-

182 1613 254 1672 eleae'
273 1618 354 1672 eruat
376 1613 511 1671 deseendit
532 1611 680 1688 epe're‘te'bua
692 1612 856 1687 predieare,
881 1612 932 1688 que‘
951 1612 1090 1670 inereduli

174 1709 257 1786 ferere
277 1710 309 1768 r'ee
323 1709 415 1768 de’ebar
428 1709 510 1768 Noe.-
531 1709 633 1785 inquo
651 1707 739 1766 etiam
753 1708 824 1785 quid
844 1708 937 1785 operis
950 1709 1042 1783 egerit
1056 1709 1088 1767 in

181 1804 304 1878 inferno,
319 1804 492 1865 declaratur.
536 1805 637 1864 Sedet
656 1804 718 1880 ipse
731 1804 875 1863 Dominus
894 1825 947 1881 per
959 1806 1087 1882 Prophe·

180 1907 241 1960 tam
265 1901 344 1975 dioit,
371 1906 518 1979 tamquam
545 1901 710 1972 defuturo,
741 1901 814 1969 Quia
839 1920 894 1959 erere
918 1901 1087 1978 derelinques

181 1997 302 2056 aeriorem
319 2016 405 2055 meam
425 1997 457 2054 r‘ee
477 1996 594 2072 inferno,
610 2015 657 2054 eree
670 1995 747 2054 dolie
767 2002 890 2056 renotare
906 2002 983 2056 reem
996 1999 1087 2057 ridere

181 2093 392 2167 eorreptionem.
442 2092 526 2158 Quod
553 2112 669 2150 rursum
695 2092 865 2169 Prophetiee
897 2092 1088 2152 nihilominus

180 2188 307 2248 ostendit
326 2188 488 2267 impletum,
504 2208 572 2247 eum
585 2187 665 2261 dicit,
681 2189 808 2261 Domine,
824 2189 947 2247 edreiete‘
965 2189 1088 2248 orer'reem

180 2305 267 2344 meare
281 2285 315 2344 ab
328 2286 457 2363 inferne,-
478 2285 595 2346 reloeete'
612 2304 685 2345 mee
704 2284 922 2343 deeeeedentilue
942 2285 973 2342 e'ee
987 2284 1085 2344 lecum.

181 2380 320 2458 Sequitur
333 2385 398 2458 post
411 2382 483 2457 haeo,
562 2430 563 2434 ,

220 2483 267 2537 29.
291 2479 403 2537 Tnnrm
422 2480 482 2538 Dm
502 2497 683 2537 nnsunnnxrr
706 2496 726 2536 r
744 2478 899 2536 Monimo:
930 2477 1086 2537 Resurreo·

179 2573 267 2633 tionis
286 2576 394 2653 quippe
413 2576 505 2651 gloria
524 2575 556 2634 in
577 2575 691 2634 Christo
711 2573 881 2634 clarificavit
902 2594 985 2632 omne
1006 2575 1089 2651 quod

178 2671 260 2747 priua
273 2672 422 2730 infirmum
435 2676 465 2732 et
477 2672 581 2748 fragile
594 2671 756 2731 videbatur.
799 2671 831 2730 Si
843 2669 899 2730 tibi
916 2671 1003 2747 paulo
1017 2675 1087 2730 ante

180 2786 239 2826 non
257 2769 417 2845 putabatur
437 2788 497 2828 esse
516 2768 757 2845 possibilemque
778 2767 814 2826 ad
834 2773 955 2826 mortem
973 2766 1089 2826 venisse

179 2862 380 2938 immortalem,
397 2865 492 2943 aspice
511 2884 589 2923 nuno
603 2863 673 2940 quia
687 2863 738 2940 qui
752 2863 866 2921 deviota
887 2866 978 2920 morte
991 2882 1089 2925 resur·

179 2960 290 3019 rexisse
310 2961 418 3020 dieitur
436 2981 496 3020 non
514 2964 610 3037 potest
635 2979 695 3018 esse
715 2957 854 3017 mortalis.
898 2958 953 3016 Sed
973 2957 1088 3018 bonito·

179 3058 240 3114 tem
258 3057 290 3115 in
302 3057 357 3115 hoo
377 3055 509 3131 intellige
523 3054 673 3128 creatoris,
690 3054 759 3131 quia
773 3054 831 3113 Ille
852 3072 978 3130 eousque
991 3057 1022 3111 te
1043 3071 1088 3112 se·

182 3151 295 3227 quendo
319 3151 475 3224 deseendit,
497 3170 649 3227 usquequo
669 3152 703 3209 tu
726 3150 870 3227 peooando
891 3149 1020 3226 dejectus
1044 3168 1087 3208 ea.

181 3245 243 3304 Neo
258 3245 419 3305 Creatorem
439 3247 569 3304 omnium
582 3245 678 3303 Deum
697 3243 940 3321 impossibilitatis
959 3263 1087 3318 aoouses,

176 3346 214 3400 ut
229 3339 275 3399 ibi
284 3345 374 3418 putes
388 3362 460 3421 opus
473 3342 546 3420 Ejus
566 3342 672 3400 caduco
692 3341 775 3419 lapsu
794 3340 921 3418 potuisse
942 3340 1087 3414 oonoludi,
