2356 3780
198 244 235 303 52
403 284 405 287 -
485 260 521 305 ο.
541 262 658 306 mnu
676 261 791 304 mnus.

186 448 285 503 πολλά
307 447 402 522 λέγων,
424 449 466 504 καί
488 450 522 507 ῶς
545 451 560 504 6
584 449 671 522 καιρὸς
694 450 742 520 ἤδη
768 448 852 507 πολάς
876 450 956 506 ἐστιν·
986 451 1056 507 ἀλλὰ
1069 453 1095 509 τί

197 544 326 617 σωτηρίας
338 548 545 619 προτιμάτερονς
566 547 597 602 οὗ
610 544 703 613 βοάλει
717 552 803 617 κομῶν
815 548 909 615 λαβεῖν
922 549 1016 620 ἐφόδια
1028 549 1094 621 πρὸς

196 642 255 698 τοὺς
268 641 409 714 αίρετικοάς
416 666 425 707 ,·
446 644 505 700 οάδέ
520 644 604 700 θελεις
613 649 708 717 γνῶναι
717 645 763 714 τῆς
776 644 838 699 άδοΰ
848 645 894 702 τάς
906 647 1093 719 παρεκτροπάς,

195 740 237 797 ἵνα
256 742 290 812 μὴ
311 746 374 798 κατὰ
394 747 504 817 κρημνὸν
517 745 547 815 ἐξ
567 745 670 819 ἀγνοίας
690 745 813 815 ἐνεχθῇςς
834 745 866 799 Εἰ
884 747 910 800 οί
929 745 1094 804 διδάσκοντες

187 837 316 913 ἡγοῦνται
330 840 418 913 κέρδος
431 841 462 895 οὗ
474 843 565 914 μικρὸν
578 845 608 898 τό
622 864 655 897 σε
668 844 747 896 ταῦτα
759 840 859 913 μαθεῖν,
876 842 911 897 σὺ
927 845 941 897 6
959 841 1093 913 μανθάνων

178 1014 184 1025 Ι
196 933 246 1009 ἀρα
259 937 305 991 οὐκ
318 935 435 1008 ὀφείλεις
449 936 528 1007 ἡδέως
542 936 667 1011 δέχεσθαι
680 943 731 992 τῶν
743 939 890 1012 λεγομένων
902 939 933 994 τδ
946 939 1047 1010 πλῆθος
1054 963 1064 1003 ,·
1078 958 1081 961 ’

234 1032 282 1087 21.
304 1031 475 1102 Αὔτεξοάσιάς
495 1036 568 1091 ἐστιν
585 1034 600 1105 ἡ
620 1033 707 1108 ψυχά.
750 1036 798 1092 Καὶ
818 1037 833 1088 6
853 1035 977 1102 διάβολος
996 1038 1026 1091 τὸ
1045 1036 1093 1107 μέν

196 1129 356 1197 ὑποβάλλειν
370 1131 482 1201 δύναται,
497 1135 528 1189 τὸ
542 1134 570 1189 δέ
585 1133 626 1187 καὶ
639 1131 782 1206 ἀναγκάσαι
796 1132 865 1205 παρὰ
877 1133 1030 1206 προαίρεσιν
1046 1133 1092 1188 οὐκ

195 1226 251 1299 ἔχει
270 1228 316 1299 τὴν
336 1227 466 1297 ἐξουσίαν.
506 1230 668 1302 ’Υπογράφει
689 1250 733 1284 σοι
752 1229 872 1300 πορνείας
890 1231 1027 1303 λογισμόν·
1049 1231 1093 1286 ἐὰν

195 1323 280 1394 θέλῃς,
303 1327 391 1396 ἐδέξω·
412 1327 458 1382 ἐὰν
478 1327 568 1397 θέλης,
589 1327 635 1381 οὔκ
656 1325 744 1395 ἐδέξω.
786 1325 818 1380 El
837 1326 888 1399 γάρ
908 1324 962 1381 κατ’
981 1326 1093 1399 ἀνάγκην

196 1420 338 1494 ἐπόρνευες,
352 1424 393 1478 καὶ
413 1423 482 1481 τίνος
502 1424 574 1478 ἕνεκα
587 1423 634 1493 τὴν
653 1424 758 1496 γέενναν
775 1421 915 1492 ἡτοίμασεν
933 1425 948 1477 6
966 1425 1048 1486 θεάςς
1069 1425 1092 1479 εέ

197 1519 259 1573 κατὰ
283 1519 366 1591 φάσιν
388 1520 449 1576 ἀλλ’
471 1522 501 1575 οὒ
525 1521 587 1575 κατὰ
613 1519 767 1592 προαίρεσιν
790 1520 1000 1593 ἐδικαιοπράγεις,
1023 1519 1092 1577 τίνος

194 1616 277 1671 ἕνεκεν
291 1620 438 1691 στεφάνους
451 1617 641 1691 ἐνεκδιηγητους
652 1617 792 1687 ἡτοίμασεν
805 1620 820 1672 6
834 1620 916 1680 θεός,·
937 1620 1025 1689 Πρᾲάν
1033 1618 1090 1672 ἐστι

193 1713 223 1766 τὸ
236 1717 377 1786 πρόβατον,
388 1716 454 1771 ἀλλ’
473 1716 534 1772 οὗδί
549 1737 612 1770 ποτε
632 1718 708 1770 τοῦτο
729 1715 771 1770 διά
785 1714 832 1785 τὴν
847 1716 977 1786 πρᾳότητα
994 1715 1090 1785 ἐστεφ·

194 1810 288 1880 ανάθη·
309 1813 395 1883 ἐπειδὴ
413 1817 443 1869 τὸ
461 1818 544 1886 πρᾷον
558 1813 604 1867 οὐκ
622 1811 650 1866 ἐκ
666 1813 841 1884 προαιρέσεως
861 1808 921 1865 ἀλλ’
936 1811 963 1864 ἐκ
983 1807 1090 1881 φάσεως

193 1908 260 1983 αὐτῷ
272 1911 424 1983 πρόσεστιν.

520 2154 592 2203 ΠΕΡΙ
610 2150 765 2199 ΣΩΜΑΤΟΣ.

233 2268 279 2322 22.
297 2265 408 2341 Ἐγνως,
430 2267 558 2338 ἀγαπητέ,
581 2267 636 2324 καθ
662 2266 727 2323 ὅσον
748 2266 858 2340 ἐγχωρεῖ
879 2264 951 2328 τέως,
976 2263 1008 2316 τά
1031 2263 1091 2335 περὶ

191 2365 290 2437 ψυχῆς.
333 2366 411 2436 Δέξαι
432 2368 497 2421 κατὰ
514 2366 620 2436 δύναμιν
638 2367 679 2420 καὶ
699 2368 745 2420 τάν
761 2362 821 2433 περλ
837 2364 884 2415 τοῦ
906 2361 1024 2429 σώματός
1041 2381 1091 2414 σου

190 2465 280 2535 λόγον.
314 2462 357 2534 Μή
371 2485 441 2521 τινος
453 2469 504 2518 τῶν
517 2467 648 2535 λεγόντων
661 2463 763 2532 ἀνάσχῃ
778 2459 919 2529 ἀλλότριον
933 2459 1000 2512 θεοῦ
1013 2460 1090 2518 τοῦτο

191 2555 253 2613 εἶναι
272 2560 302 2614 τὸ
321 2565 405 2631 σῶμα.
448 2563 480 2615 Οί
501 2563 553 2634 γὰρ
574 2561 714 2632 ἀλλότριον
737 2560 803 2612 Θεοῦ
828 2550 891 2608 εἶναι
914 2555 944 2607 τὸ
969 2555 1045 2620 σῶμα
1065 2573 1090 2605 τι

138 2646 139 2650 ¹
191 2655 363 2721 πιστεύοντες,
379 2658 468 2714 καλῶς
486 2656 514 2712 ἐν
533 2657 666 2730 ἀλλοτρίῳ
681 2652 768 2709 σκεύει
786 2652 832 2721 τὴν
849 2649 941 2722 ψυχὴν
957 2651 1090 2717 κατοικεῖν,

190 2751 272 2827 τούτῳ
287 2755 328 2808 καί
342 2754 378 2814 είς
390 2755 510 2826 πορνείας
524 2754 632 2824 ἑτοίμως
645 2751 839 2823 ἀποκέχρηνται.
875 2748 907 2802 Τί
921 2747 948 2801 δέ
963 2746 1004 2799 καὶ
1018 2746 1089 2800 κατέ-

190 2873 295 2924 γνωσαν
308 2855 354 2906 τοῦ
368 2851 514 2921 θαυμασίου
527 2849 621 2905 τούτου
640 2850 759 2918 σῶματος
767 2869 775 2908 ,·
795 2846 821 2899 τί
834 2844 881 2914 μέν
894 2844 945 2917 γὰρ
960 2843 987 2896 ἐν
1000 2843 1090 2914 εὐπρε-

190 2951 250 3021 πείᾳ
262 2949 396 3012 λείπεται,·
417 2949 443 3003 τί
456 2949 484 3004 δέ
499 2948 544 3002 οὐκ
558 2949 631 3002 ἔστιν
644 2946 762 3015 ἔντεχνον
776 2943 821 3012 τῆς
833 2943 991 3009 κατασκευῆς
999 2962 1007 3002 5
1024 2935 1091 3012 Ἀρα
1142 3019 1151 3032 ἱ

191 3047 237 3100 οὐκ
260 3048 338 3120 ἐχρῆν
364 3046 457 3104 αιἰτοῦς
484 3047 640 3115 κατανοῆσαι
667 3041 812 3113 ὀφθαλμῶν
834 3039 881 3109 μέν
907 3036 1091 3107 λαμπροτάτην
1147 3062 1149 3066 ·

190 3147 366 3207 κατάστασινς
391 3143 460 3199 ὅπως
484 3143 512 3196 δέ
536 3143 568 3196 τά
592 3140 651 3205 ῶτα,
674 3137 792 3211 πλαγίως
816 3135 955 3209 ἐγκείμενα,
979 3132 1089 3202 ἀνεμπό-

191 3241 281 3294 διστον
304 3241 406 3311 δέχεται
427 3239 473 3309 τὴν
496 3237 591 3307 ἀκοίην,·
618 3238 659 3292 καὶ
681 3235 749 3291 ὅπως
772 3233 788 3304 ἡ
809 3232 944 3305 ὄσφρησις
964 3227 1011 3298 μέν
1032 3228 1090 3282 ἐστι

190 3342 241 3393 τῶν
262 3337 347 3408 ἀτμῶν
374 3335 521 3410 διακριτικὴ,
546 3336 586 3388 καὶ
613 3341 664 3388 τῶν
691 3331 885 3402 ἀναθυμιάσεων
906 3322 1090 3394 ἀντιληπτικίης

50 3396 120 3560 ⁵
178 3435 201 3500 ρ’
221 3439 333 3504 γλῶττα
351 3435 383 3489 δέ
404 3433 478 3498 γάπιος
500 3433 602 3487 δισσῶν
624 3433 781 3505 πραγμάτων
802 3428 859 3483 ἐστὶ
882 3425 1007 3488 διάκονος,
1029 3442 1088 3493 γευ·
