2356 3780
368 250 403 292 nr
422 250 576 292 smoneu
594 249 803 290 mosroronnu.
977 231 1033 289 145

140 415 301 475 omnimodo
314 419 410 490 negat,
424 419 456 473 et
467 413 631 487 Manichaei,
647 413 723 474 sicut
741 434 827 491 supra
847 411 1032 473 ostendimus.

132 500 199 579 ¹S'ed
211 511 260 570 isti
273 510 389 570 Esaiam
401 509 518 586 quidem
531 509 704 586 Prophetam
717 510 869 582 dicentem,
881 509 1036 585 Rectorem

140 608 252 680 motai,
273 613 301 666 ct
323 605 529 667 omoitohuatar
555 605 606 686 qui
623 610 688 664 eant
713 605 745 663 o'o
771 605 913 680 repulere,
934 602 1035 661 audire

139 703 315 776 noluerunt;
349 721 402 761 neo
428 701 579 760 Danielem
606 700 848 777 sapientissimum
872 703 1034 777 protestan-

137 804 206 874 tem,
227 800 300 869 Quia
319 804 385 858 tace
401 802 543 876 retorperet
555 796 606 874 qui
623 803 688 856 scot
703 799 735 855 a'n
753 803 833 857 terre
846 796 984 872 palem,-
1004 795 1038 854 le'

138 895 246 972 quidem
269 894 301 953 io
322 895 408 953 ollam
432 898 569 966 eternam,
593 893 626 951 lo·
647 898 737 952 actem
756 893 788 951 ἐκ
811 890 989 967 opprobriam
1008 895 1036 948 et

138 990 319 1065 confasionem
342 997 479 1049 aternam.
521 988 629 1046 Tamen
647 989 696 1047 vel
719 988 751 1046 in
771 986 945 1060 Evangeliis,
969 1003 1035 1062 quae

138 1085 264 1162 recipere
276 1084 421 1158 videntem,
437 1083 545 1143 discere
565 1083 727 1143 debuerunt
746 1082 899 1141 aDomino
919 1085 949 1141 et
969 1082 1034 1140 Sel·

139 1185 237 1240 ratore
257 1185 363 1253 nostro,
380 1180 551 1238 Sadducaeos
566 1180 694 1253 docente,
709 1178 828 1253 dictum,
849 1179 928 1248 Quod
944 1183 1035 1238 cotem

138 1277 416 1355 ramesmere,
438 1297 492 1335 ooo
515 1276 630 1352 legistis,
652 1277 779 1354 quomodo
801 1277 871 1334 dicit
889 1274 986 1353 Moysi
1002 1277 1036 1336 ἐκ

138 1372 216 1442 roto,
238 1374 313 1432 Deos
333 1372 487 1446 Abrabam,
513 1372 588 1433 Deos
608 1372 698 1445 Iacca
723 1373 799 1431 Deos
820 1372 928 1431 Jacob?
959 1373 1036 1430 Deua

139 1474 229 1528 actem
242 1489 296 1527 otoo
312 1473 354 1527 cot
372 1473 549 1542 mortuoram,
564 1467 611 1526 eod
626 1468 783 1527 viventium.
824 1469 863 1527 In
876 1488 933 1546 quo
946 1467 1035 1526 etiam

139 1583 205 1642 quae
219 1564 258 1624 sit
276 1570 306 1623 et
319 1567 429 1641 quanta
447 1563 663 1622 resurrectionis
682 1564 774 1640 gloria
792 1564 824 1622 in
841 1563 1035 1641 superioribus

138 1659 317 1734 memoravit,
337 1679 404 1718 cum
425 1658 511 1728 dixit,
530 1660 568 1718 Io
588 1661 784 1719 rmoorecte'one
803 1664 893 1719 autem
915 1664 1035 1719 mortuo-

137 1776 201 1815 rom
214 1775 297 1832 aequo
308 1754 418 1828 colem,
434 1774 517 1831 neque
536 1754 682 1828 colentur,
697 1756 745 1813 aad
758 1761 841 1815 aaut
853 1755 926 1814 siout
944 1755 1036 1832 coycti

137 1852 202 1910 Dei.
244 1849 472 1910 Resurrectionis
494 1855 592 1910 autem
611 1850 704 1910 virtus
727 1851 890 1927 angelicum
908 1851 1033 1910 homini-

137 1947 193 2005 bus
212 1946 321 2006 confert
337 1949 455 2018 statum,
470 1950 506 2005 ut
524 1946 576 2024 qui
595 1946 630 2005 de
650 1950 727 2006 terra
745 1947 957 2008 resurrexerint
975 1967 1033 2008 non

137 2040 244 2100 iterum
264 2041 297 2100 in
315 2045 393 2100 terra
413 2060 480 2100 cum
498 2041 664 2118 pecudibus,
685 2044 735 2101 sed
753 2044 786 2101 in
805 2045 877 2102 coelo
897 2064 963 2103 cum
983 2065 1034 2104 on·

137 2137 212 2213 gelis
232 2137 351 2209 vivant3
379 2157 452 2214 quos
473 2142 569 2196 tamen
590 2139 703 2197 adhoc
725 2139 799 2197 ratio
819 2139 888 2198 ritae
911 2141 1035 2217 purioris

139 2232 414 2306 admiserit-illos
435 2231 553 2305 scilicet,
577 2233 629 2311 qui
651 2233 713 2310 jam
735 2252 814 2292 nunc
837 2239 1035 2294 conservantes

138 2327 242 2385 onimae
266 2346 325 2386 suae
351 2347 465 2386 carnem
487 2327 520 2385 in
541 2328 626 2387 castis
648 2328 797 2405 pudicitie
823 2328 943 2402 actibus,
967 2330 1033 2387 obe·

139 2422 256 2482 dieutioe
281 2421 380 2482 Sancti
402 2421 528 2498 Spiritus
551 2423 786 2500 subjugaverunt,
811 2427 841 2482 et
866 2424 944 2482 omni
970 2444 1034 2483 eam

137 2518 276 2578 vitiorum
298 2519 363 2577 labe
384 2522 542 2592 tenuatam,
566 2524 653 2596 atque
675 2518 707 2576 in
729 2518 888 2595 spiritalem
910 2519 1032 2595 gloriam

138 2612 371 2673 sanctificationis
395 2612 505 2672 virtute
535 2620 686 2689 mutatam,
714 2614 893 2690 Angelorum
918 2635 1033 2694 quoque

136 2712 305 2768 meruerunt
316 2708 422 2767 inferre
436 2710 591 2770 consortiis.

177 2809 225 2865 42.
247 2804 304 2863 Sed
316 2803 447 2863 infideles
467 2806 592 2866 clamant
604 2810 635 2866 et
647 2805 757 2880 dicunt,
773 2805 920 2871 Quomodo
935 2811 1030 2884 potest

136 2918 210 2973 caro,
226 2919 291 2977 quae
310 2900 472 2976 putrefacta
491 2902 667 2976 dissolvitur,
683 2908 735 2960 eut
753 2902 785 2961 in
804 2903 954 2978 pulverem
966 2924 1031 2964 ver-

135 2994 218 3069 titur,
240 2995 327 3054 maris
348 2995 436 3055 etiam
455 2997 602 3057 interdum
620 2999 762 3075 profundo
786 2999 916 3058 sorbetur
935 3000 1031 3060 flucti-

135 3090 247 3166 busque
260 3090 442 3168 dispergitur,
457 3094 587 3171 recolligi
605 3113 730 3163 rursum,
744 3099 774 3154 et
792 3094 982 3172 redintegrari
999 3097 1031 3157 in

136 3205 235 3260 unum,
260 3189 291 3244 et
313 3206 415 3263 corpus
436 3208 473 3246 ex
496 3210 530 3248 ea
555 3189 680 3248 hominis
705 3188 851 3267 reparari?
892 3193 939 3251 Ad
959 3213 1031 3270 quos

136 3280 258 3357 primam
281 3280 404 3341 interim·
420 3285 631 3362 responsionem
655 3287 832 3345 sermonibus
854 3287 939 3346 Pauli
960 3289 1031 3350 faci-

136 3395 226 3452 amus,
254 3377 381 3439 dicentes
407 3379 457 3457 eis,
485 3382 625 3458 Iosossoc‘oos
655 3388 695 3459 to,
729 3383 807 3455 Quod
831 3385 946 3446 caninas
975 3407 1030 3449 ooo

574 3497 594 3540 1.

1081 3492 1139 3536 A
