2356 3780
402 272 495 315 suano
515 272 554 313 an
575 273 809 315 cinnomannico.
1018 241 1055 316 99

156 435 306 502 Quantum
323 437 404 495 nefas
423 442 468 497 est
488 437 615 497 occidere
635 436 803 498 Christum?
843 438 940 499 Judaei
959 441 1057 497 tamen

155 531 232 589 Eum
251 530 426 605 occiderunt,
442 534 472 592 et
491 531 578 592 multi
597 532 630 591 in
648 533 725 591 Eum
741 537 841 609 postea
860 532 1054 605 crediderunt,

156 628 186 684 et
203 625 340 686 bibenmt
353 627 426 703 Ejus
446 627 630 703 sanguinem:
652 627 802 686 dimissum
815 631 860 686 est
878 627 938 686 illie
957 646 1056 705 pecca-

156 729 220 780 tnm
233 722 311 798 quod
328 723 541 783 commiscmmt.
582 723 655 783 (lum
668 722 811 800 baptizati
823 723 946 792 fireritis,
960 727 1056 782 tenete

156 815 247 876 vitam
260 819 364 877 bonam
380 817 413 877 in
425 817 578 894 preceptis
590 817 655 891 Dei,
671 814 901 894 ut'Baptismum
914 815 1056 875 custodia·

155 913 195 973 tis
214 915 357 991 usquein
373 917 471 976 finem.
511 916 578 975 Non
592 915 673 976 vobis
688 914 752 974 dico
770 915 841 992 quia
860 913 922 973 sinc
939 919 1056 990 peccato

156 1009 204 1068 hic
224 1012 348 1071 vivetis:
378 1013 428 1072 scd
450 1016 519 1071 sunt
538 1010 673 1085 venialia,
700 1010 761 1069 sine
785 1009 892 1086 quibus
918 1008 979 1068 vita
1001 1009 1058 1068 ista

156 1123 214 1164 non
240 1111 293 1166 est.
343 1108 466 1184 Propter
492 1107 588 1166 omnia
619 1092 736 1184 peccata
762 1105 929 1182 Baptismus
955 1103 1057 1162 inven-

155 1205 204 1260 tus
231 1206 293 1276 est;
331 1209 449 1280 propter
475 1203 560 1276 levia,
590 1203 652 1262 sine
686 1201 792 1279 quibus
818 1219 879 1258 esse
909 1218 968 1257 non
992 1218 1056 1275 pos-

156 1318 264 1366 sumus,
288 1298 378 1357 oratio
401 1300 528 1359 inventa.
573 1298 652 1364 Quid
676 1298 765 1357 habet
788 1292 899 1355 oratio?
932 1295 1057 1353 Dimitte

155 1394 232 1452 nobie
252 1394 343 1453 debita
365 1401 469 1469 norbo,
491 1396 563 1454 ucat
584 1392 868 1454 ctsnor'do'mitto‘muc
891 1390 1057 1450 debitoribus

156 1489 267 1548 scottia
301 1489 394 1549 Semel
408 1490 554 1549 abluimur
566 1489 752 1566 Baptismatc,
769 1485 899 1564 quotidie
913 1485 1058 1544 abluimur
1103 1516 1105 1522 ι

156 1582 292 1642 oratione.
322 1583 378 1642 Sed
390 1585 480 1644 nolite
492 1585 544 1643 illa
557 1584 744 1654 committere,
757 1601 809 1658 pro
823 1581 929 1658 quibus
942 1600 1056 1639 necesse

157 1680 201 1734 est
213 1687 247 1735 ut
260 1697 278 1735 a
291 1677 398 1738 Christi
412 1698 527 1755 corpore
546 1677 732 1755 separemini:
755 1676 832 1754 quod
846 1676 921 1734 absit
934 1696 952 1734 a
964 1675 1054 1735 vobis.

156 1771 209 1828 Illi
229 1773 306 1831 enim
320 1794 391 1850 quos
404 1774 511 1833 videtis
527 1793 610 1848 agere
628 1773 838 1850 paenitentiam,
855 1772 962 1831 scelera
979 1790 1055 1830 oom-

156 1867 305 1942 misemmt,
331 1874 384 1930 aut
409 1871 562 1944 adulteria,
583 1875 635 1930 aut
661 1869 760 1947 eliqua
785 1869 864 1928 lecta
899 1868 1052 1926 immania:

155 1962 222 2021 inde
235 1969 326 2040 agunt
338 1965 548 2041 poenitentiam.
583 1966 658 2025 Nam
672 1965 697 2024 si
710 1964 787 2023 levia
799 1971 916 2041 peccata
928 1964 1056 2041 ipsorum

156 2062 259 2132 essent,
276 2060 313 2118 ad
326 2060 388 2118 haeo
401 2061 571 2137 quotidiana
583 2062 673 2120 oratio
687 2061 810 2119 delenda
819 2060 974 2118 sufficeret.

200 2157 244 2212 16.
267 2155 344 2228 Ergo
366 2155 460 2213 tribus
482 2157 575 2215 modis
596 2157 785 2216 dimittuntur
807 2159 925 2230 peccate
947 2153 979 2211 in
999 2154 1054 2213 Ec·

156 2246 259 2305 alesia:
281 2247 314 2305 in
326 2249 513 2324 Baptismate,
525 2251 558 2308 in
573 2251 709 2324 oratione,
725 2250 757 2308 in
769 2249 935 2309 humilitate
948 2248 1055 2324 majore

156 2339 355 2414 poenitentiae:
387 2347 485 2400 tamen
510 2345 590 2402 Deus
616 2364 674 2403 non
700 2344 824 2403 dimittit
848 2346 974 2419 paccata,
999 2342 1057 2400 nisi

156 2434 319 2510 baptizatis.
354 2437 424 2512 Ipsa
435 2442 552 2514 peccata
565 2457 630 2515 qua
643 2439 770 2516 primum
782 2437 913 2509 dimittit,
928 2456 986 2495 non
999 2435 1057 2497 nisi

156 2531 312 2608 baptizatis
337 2530 468 2592 dimittit.
519 2534 662 2600 Quando?
704 2534 825 2600 Quando
858 2531 1054 2608 baptizantur.

157 2627 277 2686 Peccata
293 2646 358 2703 qna
377 2632 476 2703 postea
494 2629 643 2688 orantibus
661 2629 850 2688 dimittuntur
862 2631 892 2686 et
910 2626 1054 2703 poeniten·

155 2722 243 2795 tibus,
267 2724 373 2800 quibus
391 2725 522 2799 dimittit,
538 2725 693 2802 baptizatis
714 2724 845 2783 dimittit.
887 2723 964 2782 Nam
983 2742 1053 2799 quo-

156 2816 239 2874 modo
266 2817 375 2891 dicunt,
404 2819 493 2878 Potor
518 2825 618 2893 noster,
647 2819 698 2896 qui
724 2819 852 2879 nondum
877 2816 940 2876 nati
966 2815 1055 2876 sunt?

133 2926 136 2970 ἑ
157 2910 362 2970 Oetechumeni
375 2914 514 2990 quamdiu
527 2918 604 2987 sunt,
621 2933 706 2990 super
719 2914 785 2972 illos
799 2916 868 2971 sunt
880 2911 976 2970 omnia
988 2931 1054 2988 peo-

156 3010 219 3065 cata
241 3026 348 3066 eorum.
392 3003 424 3067 Si
446 3009 651 3082 catechumeni,
678 3011 787 3088 quanto
809 3006 902 3082 magis
923 3005 1053 3081 Pagani?

155 3105 263 3178 quanto
276 3102 368 3178 magis
380 3101 532 3163 haretici?
575 3104 631 3163 Sed
644 3103 789 3162 haereticis
801 3100 983 3178 Baptismum
995 3119 1055 3160 non

155 3200 309 3257 mutamus.
352 3197 467 3264 Quare?
509 3198 586 3264 Quia
598 3199 639 3258 sic
653 3199 762 3258 habent
775 3197 967 3273 Baptismum,
982 3218 1052 3275 quo·

154 3293 238 3351 modo
262 3294 390 3352 desertor
411 3293 500 3353 hebet
525 3294 726 3367 characterem,
749 3293 844 3352 itaet
869 3290 920 3351 isti
944 3294 1054 3353 habent

156 3385 352 3465 Baptismum.
393 3387 521 3460 Habent,
543 3389 593 3448 sed
610 3389 688 3448 unde
704 3388 889 3460 damnentur,
903 3405 968 3444 non
976 3386 1066 3442 nubs
1100 3370 1147 3520 1
