2356 3780
567 237 603 293 os
701 236 720 270 -2

383 494 410 555 S.
429 499 523 555 AUR.
549 496 787 554 AUGUSTINI

434 629 605 668 Hffroumtsm
620 629 736 667 rrlscort

400 748 467 807 DE
504 746 769 814 SYMBOLO

303 876 435 927 susuo
458 877 510 926 so
536 874 865 927 cirronuuuuos.

177 996 203 1052 1.
224 992 371 1065 scmus,
399 991 464 1065 fiis,
492 991 624 1066 regulam
649 990 727 1064 fias,
756 991 834 1067 quos
868 974 1036 1068 symbolum

136 1086 250 1146 dieitur.
292 1088 332 1145 Et
351 1106 417 1145 cum
437 1074 658 1162 acceperitis,in
677 1085 759 1144 corde
780 1085 902 1159 scribite,
919 1090 949 1145 et
968 1105 1039 1163 quo·

135 1183 207 1244 tidie
227 1183 313 1242 dicite
333 1183 410 1259 apud
429 1202 498 1241 vos:
529 1186 684 1259 antequam
704 1180 860 1255 dormiatis,
882 1185 1037 1257 antequem

135 1278 303 1354 procedatis,
332 1281 426 1336 vestro
454 1278 588 1356 Symbolo
614 1295 665 1336 vos
695 1277 815 1336 munite.
868 1277 1037 1359 Symbolum

136 1390 220 1430 nemo
241 1372 340 1432 scribit
352 1375 387 1447 ut
409 1373 469 1448 legi
490 1373 599 1449 possit:
631 1373 680 1431 sed
701 1373 738 1431 ad
758 1373 972 1445 recensendum,
998 1391 1035 1430 ne

136 1468 211 1526 forte
231 1468 324 1527 deleat
344 1467 450 1525 oblivio
473 1468 550 1545 quod
573 1468 693 1528 tradidit
712 1467 873 1542 diligentia,
895 1466 935 1526 sit
955 1466 1037 1526 vobis

136 1563 228 1622 codex
247 1568 343 1623 vestra
362 1564 506 1622 memoria.
549 1564 633 1632 Quod
653 1564 783 1624 audituri
802 1564 880 1638 estis,
902 1565 956 1622 hoo
976 1582 1036 1622 ore-

137 1659 245 1733 dituri3
266 1666 296 1720 et
309 1660 387 1737 quod
400 1659 586 1733 credideritis,
602 1661 657 1719 hoc
672 1660 759 1720 etiam
773 1660 874 1736 lingua
885 1659 1036 1719 reddituri.

136 1755 189 1815 Ait
211 1755 288 1814 enim
310 1755 474 1833 Apostolus,
506 1755 591 1814 Corda
613 1758 736 1816 creditor
763 1757 800 1815 ad
815 1757 971 1833 jutitiam,
994 1775 1038 1815 ore

137 1857 226 1911 actem
238 1852 366 1927 consessio
372 1853 413 1928 fit
426 1851 598 1911 adsalutem.
631 1853 696 1911 Hoc
709 1857 754 1912 est
767 1852 844 1911 enim
858 1853 1034 1931 Symbolum,

136 1949 214 2024 quod
225 1941 371 2007 recensuri
391 1936 460 2006 estis
480 1951 510 2006 et
528 1948 679 2008 reddituri.
721 1951 785 2008 Ista
797 1949 885 2008 verba
905 1968 971 2026 quae
984 1968 1035 2007 au·

136 2043 227 2117 distis,
242 2063 294 2119 per
306 2043 419 2102 divinas
433 2038 595 2119 Scripturas
611 2063 707 2120 sparsa
725 2048 812 2105 sunt:
835 2045 885 2102 sed
897 2045 964 2103 inde
979 2044 1037 2103 ool-

136 2138 211 2196 lecta
231 2146 260 2197 et
280 2139 316 2197 ad
335 2158 428 2196 unum
446 2138 569 2212 redacto,
585 2158 622 2197 ne
641 2139 790 2197 tardorum
808 2138 958 2196 hominum
977 2158 1038 2197 me-

137 2233 227 2290 moria
251 2233 402 2306 laboraret,
427 2237 463 2292 ut
486 2233 683 2292 omnishomo
709 2234 799 2310 possit
822 2234 924 2308 dicere,
948 2234 1038 2310 possit

136 2335 234 2390 tenere
254 2328 332 2405 quod
351 2328 450 2387 credit.
492 2329 642 2404 Numquid
662 2329 739 2388 enim
758 2329 841 2387 modo
862 2328 1039 2386 solummodo

137 2423 258 2484 audistis
276 2425 345 2502 quia
357 2425 438 2483 Deus
450 2424 628 2500 omnipotens
642 2424 708 2483 est?
748 2425 806 2482 Sed
818 2423 945 2499 incipitis
959 2424 1035 2482 Eum

136 2509 242 2581 babere
261 2524 381 2598 patrem,
397 2520 511 2599 quando
523 2519 586 2578 nati
605 2519 719 2579 fueritis
735 2537 788 2597 per
800 2518 958 2578 Ecclesiam
974 2538 1036 2578 mo·

136 2621 219 2679 trem.

176 2717 204 2773 2.
225 2711 299 2771 Inde
313 2731 380 2788 ergo
396 2711 459 2788 jam
478 2709 634 2787 accepistis,
649 2708 783 2769 meditati
802 2708 879 2782 estis,
896 2713 926 2768 et
944 2707 1039 2768 medi·'

136 2808 192 2868 tati
211 2807 355 2882 tenuistis,
377 2811 413 2867 ut
432 2805 542 2880 dicatis,
564 2806 662 2864 Curso
681 2823 715 2862 ns
735 2805 826 2862 Duru
846 2823 961 2862 rursusi
982 2823 1036 2862 ou·

136 2923 331 2964 rmorurrru.
370 2904 451 2962 Deus
472 2903 650 2978 omnipotens
670 2904 723 2977 est,
744 2905 859 2960 etcum
882 2900 921 2960 sit
944 2900 1037 2959 omni-
1147 2914 1149 2917 ·

136 3009 246 3083 potens,
267 3002 340 3061 mori
359 3022 417 3061 non
435 3005 538 3078 potest,
556 3000 620 3058 falli
640 3019 697 3058 uon
715 3003 819 3077 potest,
840 2999 958 3059 mentiri
976 3020 1039 3061 non

136 3104 239 3180 potest,
265 3104 302 3173 et,
327 3099 405 3176 quod
430 3098 472 3158 ait
497 3098 660 3175 Apostolus,
686 3117 785 3175 ocyore
810 3116 837 3155 so
863 3097 954 3171 decom
980 3117 1035 3157 non

130 3201 232 3274 potest.
274 3195 368 3261 Quam
385 3196 478 3254 multa
493 3214 550 3252 non
567 3197 670 3271 potest,
690 3198 720 3252 et
739 3191 918 3269 omnipotens
936 3197 986 3267 est,
1005 3198 1035 3254 et

135 3292 199 3353 ideo
214 3291 391 3368 omnipotens
403 3294 455 3362 est,
471 3289 539 3367 quia
551 3288 608 3350 ista
619 3307 678 3347 non
689 3291 793 3366 potest.
834 3288 911 3347 Nam
923 3288 948 3347 si
960 3289 1035 3348 mori

135 3393 239 3468 posset,
249 3407 307 3447 non
317 3385 592 3463 essetomnipotens5
607 3383 764 3460 simontiri,
775 3383 800 3443 si
807 3383 879 3459 falli,
891 3383 1041 3456 sifallere,
1076 3426 1115 3536 1
