2356 3780
159 230 198 286 80
470 245 493 286 s.
510 243 578 284 son.
598 242 754 283 sucosam

156 408 249 466 tiones
262 427 328 465 suas
341 406 474 466 ecclesias
487 409 599 464 vocant.
642 406 700 464 Sed
712 404 842 464 haeretici
856 404 891 463 dc
911 403 973 462 Deo
986 401 1060 460 falsa

156 502 305 562 sentiendo
325 502 416 578 ipsam
435 501 524 559 fidem
539 501 669 574 violant3
691 499 864 559 schismatici
883 503 982 557 autem
1000 497 1059 556 dis-

156 601 326 661 cissionibus
339 600 447 677 iniquis
465 620 482 658 a
494 601 622 658 fraterna
635 599 774 659 charitate
788 598 942 670 dissiliunt,
959 616 1059 673 quam·

155 695 201 754 vis
214 715 248 754 ea
261 695 379 754 credant
392 714 457 771 quae
471 694 622 753 oredimus.
665 694 846 770 Quapropter
858 712 911 751 noc
927 690 1059 750 haeretici

155 791 303 868 pertinent
323 790 359 848 ad
379 790 537 848 Ecclesiam
557 788 735 860 catholicam,
751 807 817 864 quae
837 787 935 862 diligit
951 787 1056 858 Deum,

155 905 209 944 nec
225 884 414 957 schismatici,
435 885 573 960 quoniam
596 883 694 958 diligit
716 883 891 959 proximum.
932 883 973 942 Et
995 882 1060 940 ideo

155 980 280 1057 peccatis
298 979 425 1055 proximi
444 979 529 1037 facile
549 978 680 1052 ignoscit,
699 978 768 1054 quia
788 977 843 1036 sibi
862 981 997 1053 precatur
1015 977 1059 1051 ig-

155 1075 234 1134 nosci
255 1076 291 1134 ab
315 1075 373 1133 Illo
397 1073 449 1150 qui
468 1094 520 1132 nos
539 1073 739 1132 reconciliavit
758 1072 823 1145 sibi,
846 1073 945 1131 delens
965 1072 1060 1130 omnia

155 1170 303 1248 praeterita
322 1173 353 1228 et
372 1169 409 1227 ad
421 1168 512 1228 vitam
531 1187 635 1226 novam
655 1187 706 1226 nos
719 1188 840 1226 vocans:
861 1187 950 1244 quam
970 1167 1060 1225 vitam

155 1267 245 1325 donec
264 1267 421 1342 perfectam
441 1264 595 1341 capiamus,
615 1263 676 1322 sine
695 1263 821 1340 peccatis
840 1282 900 1322 esse
919 1282 978 1321 non
996 1282 1060 1339 pos·

156 1380 263 1420 sumus.
306 1361 434 1419 Interest
446 1363 545 1418 tamen
558 1359 657 1435 qualia
670 1358 738 1418 sint.

197 1461 244 1515 22.
267 1456 329 1514 Nec
343 1456 378 1514 dc
395 1458 578 1531 peccatorum
598 1453 763 1512 differentia
781 1452 865 1511 modo
878 1453 1060 1513 tractandum
1098 1457 1101 1461 ’

156 1555 209 1624 est,
232 1551 283 1609 sed
303 1550 478 1610 credendum
497 1549 621 1622 omnino,
643 1549 726 1607 nullo
745 1549 828 1606 modo
848 1548 931 1607 nobis
950 1549 1061 1622 ignosci

156 1665 191 1704 ea
214 1665 279 1721 quae
302 1665 462 1721 peccamus,
488 1646 513 1703 si
535 1665 588 1704 noo
610 1644 803 1703 inexorabiles
826 1644 863 1703 ad
888 1643 1061 1718 ignoscenda

155 1744 274 1817 peccata
299 1740 450 1800 fuerimus.
498 1741 603 1817 Itaque
630 1739 774 1799 credimus
799 1743 831 1799 ct
856 1756 1060 1798 amussrorrsn

155 1855 351 1896 incoliorum

196 1937 244 1990 23.
268 1932 307 1990 Et
327 1931 464 2007 quoniam
476 1929 535 1990 tria
554 1935 623 1991 sunt
636 1931 743 2008 quibus
761 1931 847 1990 homo
866 1936 986 2005 constat,
1002 1931 1060 2008 spi-

155 2024 239 2099 ritus,
262 2025 366 2098 anima,
383 2030 413 2085 ct
433 2045 544 2102 corpus,
561 2046 627 2103 quae
647 2047 747 2085 rursus
760 2027 816 2086 duo
830 2028 975 2100 dicuntur,
991 2028 1061 2104 quia

156 2139 232 2197 saepe
255 2120 352 2178 anima
373 2121 461 2179 simul
484 2141 550 2179 cum
572 2122 676 2198 spiritu
696 2122 871 2196 nominatur,
893 2143 960 2199 pars
982 2122 1059 2182 enim
1160 2140 1163 2146 ·

156 2217 290 2293 quadam
303 2215 433 2293 ejusdcm
446 2216 604 2290 rationalis,
620 2237 678 2294 qua
698 2222 797 2277 carent
815 2218 925 2291 bestiae,
941 2218 1060 2294 spiritus

155 2310 271 2383 dicitur,
301 2311 459 2387 principale
485 2315 615 2370 nostrum
642 2311 761 2388 spiritus
787 2316 839 2385 ost,
869 2313 972 2371 deinde
998 2313 1061 2374 vita

155 2425 214 2483 qua
234 2406 438 2484 conjungimur
461 2407 572 2484 corpori
595 2407 691 2466 anima
714 2408 829 2480 dicitur,
851 2415 994 2484 postremo
1014 2409 1059 2485 ip·

156 2522 221 2561 sum
248 2522 358 2579 corpus,
383 2502 518 2578 quoniam
544 2503 659 2562 visibile
684 2507 737 2576 est,
766 2503 904 2562 ultimum
929 2509 1060 2564 nostrum

155 2602 208 2658 est.
249 2598 324 2657 Haec
340 2602 437 2657 autem
453 2599 545 2656 omnis
563 2603 694 2658 creatura
711 2598 875 2674 ingemiscit
887 2603 918 2659 et
934 2599 1061 2676 parturit

155 2714 248 2772 usquc
268 2714 365 2753 nunc:
388 2694 469 2753 dedit
487 2699 585 2754 tamen
604 2694 748 2770 primitias
768 2694 895 2772 spiritus,
911 2694 981 2772 quia
1001 2713 1060 2754 orc-
1080 2721 1086 2727 ³

155 2796 231 2856 didit
251 2796 313 2855 Deo
336 2801 366 2856 et
392 2798 473 2857 bonae
493 2797 556 2874 jam
582 2798 740 2857 voluntatis
763 2802 815 2857 est.
856 2797 916 2857 Hic
943 2797 1061 2874 spiritus

155 2894 243 2954 etiam
270 2896 390 2952 vocatur
419 2912 509 2966 mens,
539 2893 575 2951 de
602 2913 660 2969 quo
686 2893 758 2953 dicit
778 2894 943 2969 Apostolus,
967 2894 1061 2953 Monta

155 2989 243 3047 oercch
263 2987 318 3064 aas
329 2987 394 3060 Dei,
410 2987 462 3063 qui
479 2987 550 3046 item
570 2988 627 3046 alio
646 2989 708 3047 loco
725 2989 805 3062 dicit,
824 2991 913 3050 Tertia
932 2995 971 3049 cat
988 2991 1060 3048 caim

155 3083 228 3142 mihi
252 3084 338 3154 Deua,
363 3083 412 3142 cai
436 3084 522 3141 aarum
549 3084 580 3141 eh
607 3085 715 3158 spiritu
741 3105 805 3145 mco.
848 3085 956 3145 Anima
981 3105 1057 3157 vero,

156 3197 224 3236 cum
237 3178 361 3236 carnalia
373 3180 449 3237 hona
461 3179 555 3238 adhuc
568 3181 688 3256 appetit,
705 3201 769 3240 caro
782 3182 955 3242 nominatur.
990 3182 1061 3240 Pars

155 3272 234 3329 enim
257 3272 320 3348 ejus
346 3273 479 3348 quaedam
501 3274 611 3334 resistit
637 3275 761 3352 spiritui,
787 3297 845 3335 non
871 3280 984 3349 natura,
1010 3277 1061 3334 ssd

150 3366 362 3426 consuetudine
378 3372 572 3445 peccatorum.
614 3371 698 3433 Unde
718 3372 834 3447 dicitur,
856 3373 950 3432 Manto
972 3372 1060 3432 aerulo
