2356 3780
493 156 501 171 .
527 136 537 174 ι

427 229 597 271 emonem
616 228 741 274 ααιιται.
999 197 1047 266 57.

140 406 231 462 δίκαιοι
254 410 302 481 μὲν
322 410 381 484 γάρ,
401 409 443 468 ίνα
461 413 646 481 διαιωνίζοντες
666 412 789 487 άγγελοις
809 405 1037 482 συγχορείσωσιν·

139 503 164 555 οί
177 502 205 558 δε“
218 507 376 576 ἁμαρτωλοὶ,
390 504 432 562 ἵνα
453 507 489 564 είς
507 508 599 565 αἰῶνας
611 513 663 563 τῶν
680 507 866 580 ἁμαρτημάτων
879 501 1038 573 ὑπομείνωσι

139 598 186 668 τὴν
197 601 326 664 βάσανον.

469 767 541 812 ΠΕΡΙ
558 767 705 813 ΛΟΊΤΡΟΤ.

179 877 224 934 32.
247 880 296 935 Διὰ
320 884 397 935 τοῦτο
419 881 563 953 προλαβὼν
584 883 647 937 κατὰ
668 878 866 960 φιλανθρωπίαν
893 881 908 932 ὁ
934 875 1038 949 Κάριας,

138 976 251 1049 λουτροῦ
264 979 400 1048 μετανοίαν
413 978 514 1049 ἔδωκεν,
532 977 575 1034 ’ίνα
587 981 617 1034 τὸ
631 978 701 1035 πολὺ
721 982 772 1032 τῶν
784 981 921 1049 ἁμαρτιῶν,
935 974 1039 1045 μάλλον

139 1070 168 1125 δὲ
191 1074 222 1127 τδ
242 1076 294 1130 πᾶν
312 1075 433 1147 φορτίον,
454 1063 656 1148 ἀπορρίψαντες,
679 1075 720 1130 καί
738 1073 819 1147 Ἀγίιμ
840 1070 970 1142 Πνεῦματι
991 1071 1040 1140 τὴν

140 1169 276 1243 σφραγῖδα
284 1173 420 1239 λαβόντες,
432 1174 586 1245 κληρονόμοι
596 1170 728 1245 γενώμεθα
738 1171 802 1240 ζωῆς
813 1168 925 1223 αἰωνίου.
936 1182 939 1187 ’
952 1164 1038 1220 Ἀλλὰ

140 1266 199 1337 περὶ
211 1270 258 1321 τοῦ
270 1268 383 1340 λουτροῦ
401 1270 490 1342 πρῶην
509 1270 641 1341 αὐτάρκως
657 1269 794 1340 είρηκάτες,
811 1266 855 1322 ε’πὶ
869 1267 901 1320 τὰ
915 1264 1039 1319 λείποντα

139 1366 190 1416 τῶν
203 1362 379 1437 εἰσαγωγικῶν
391 1365 546 1437 μαθημάτων
558 1367 653 1422 λοιπὸν
666 1365 791 1435 ἔλθωμεν.

381 1620 452 1664 nm
469 1620 533 1663 ΤΩΝ
550 1620 646 1664 emon
665 1620 793 1664 rmnu.

178 1730 226 1786 33.
252 1734 336 1786 Ταῦτα
357 1732 385 1787 δε“
413 1733 585 1789 διδάσκουσιν
602 1733 668 1805 ἡμας
695 1737 721 1789 αἱ
742 1734 911 1790 θεάπνευστοι
934 1733 1038 1807 γραφαὶ

137 1829 183 1897 τῆς
201 1831 313 1886 παλαῖας
331 1851 360 1884 τε
381 1830 423 1887 καὶ
443 1834 529 1902 καινῆς
549 1831 679 1903 διαθήκης.
720 1828 765 1890 Είς
785 1835 836 1907 γάρ
857 1835 929 1888 ε’στιν
948 1835 963 1886 ὁ
983 1837 1036 1888 τῶν

139 1923 185 1980 δύο
199 1924 325 1995 διαθηκῶν
339 1929 413 1996 θεὸς,
427 1931 442 1984 ά
460 1931 506 1984 τὸν
524 1929 552 1983 ε’ν
570 1935 601 2000 τῇ
615 1932 687 2001 καινῇ
700 1932 814 2002 φανέντα
834 1931 949 2004 Χριστὸν
962 1928 990 1985 ἔν
1003 1931 1036 2002 τῇ

136 2025 235 2094 παλαιᾷ
246 2027 478 2099 προκαταγγείλας
502 2029 516 2081 ὁ
531 2026 573 2080 διὰ
587 2029 665 2096 νόμον
676 2029 717 2082 καὶ
729 2029 872 2100 προφητῶν
884 2027 921 2084 είς
935 2036 1032 2100 Χριστ-

137 2121 167 2174 ὸν
186 2121 397 2196 παιδαγωγίησας.
440 2123 524 2196 “Πρδ
547 2125 598 2197 γάρ
619 2129 665 2179 τοῦ
687 2125 774 2181 ε’λθείν
794 2127 841 2196 τὴν
863 2127 962 2194 πίστιν,
982 2127 1033 2182 ὑπὸ

136 2220 214 2287 νόμον
232 2218 456 2292 ε’φρουροάμεθα·”
497 2223 538 2277 καὶ
557 2221 612 2277 “‘0
627 2225 704 2292 νόμος
721 2224 885 2295 παιδαγωγὸς
905 2222 975 2293 ἡμῶν
989 2226 1034 2297 γε’·

135 2335 211 2385 γονεν
232 2316 268 2372 είς
288 2314 431 2389 Χριστόν.”
475 2313 527 2388 Κᾷν
546 2341 611 2373 ποτε
623 2323 674 2373 τῶν
689 2321 820 2391 αίρετικῶν
833 2317 947 2388 ἀκούσης
966 2319 1035 2375 τινδς
1098 2325 1100 2328 ’

135 2414 358 2485 βλασφημοῦντος
372 2417 450 2484 νόμον
466 2412 482 2484 ἢ
503 2413 647 2488 προφήτας,
662 2415 833 2490 άντίφθεγξαι
846 2416 892 2486 τὴν
906 2414 1035 2488 σωτήριον

136 2508 234 2580 φωνην,
255 2510 349 2584 λέγων,
373 2510 458 2565 “οιἰκ
479 2508 559 2579 ἦλθεν
577 2509 680 2581 Ἰησοῦς
706 2513 850 2567 καταλῦσαι
876 2511 922 2567 τάν
945 2514 1033 2581 νόμον,
1075 2524 1078 2528 ’

137 2606 208 2661 ἀλλὰ
225 2605 390 2679 πληρῶσαι.”
434 2608 484 2663 Καὶ
507 2608 661 2679 φιλομαθῶς
685 2608 807 2682 ε’πίγνωθι
830 2610 872 2665 καὶ
895 2609 965 2682 παρὰ
988 2611 1034 2678 τῆς

138 2697 295 2771 Ἐκκλησίας
314 2706 386 2759 ποῖαι
398 2706 447 2775 μέν
464 2705 532 2760 εἶσιν
552 2707 578 2759 αί
596 2707 642 2775 τῆς
661 2707 773 2763 παλαιᾶς
794 2704 915 2776 διαθηκης
927 2705 1031 2773 βίβλοι,

137 2801 208 2854 ποῖαι
219 2798 248 2853 δι’
257 2800 302 2868 τῆς
312 2801 406 2869 καινῆς.
442 2801 492 2856 Καί
499 2823 544 2871 μοι
551 2801 631 2872 μηδὲν
641 2806 692 2856 τῶν
699 2799 856 2873 ἇποκριίφων
865 2800 1033 2873 ἀναγίνωσκε.

136 2895 167 2950 ‘0
188 2895 239 2967 γάρ
261 2896 293 2950 τὰ
312 2897 382 2968 παρά
399 2900 482 2953 πᾶσιν
499 2895 693 2970 ὁμολογούμενα
716 2897 751 2967 μὴ
770 2897 851 2967 είδῶς,
877 2897 903 2952 τί
922 2897 1034 2970 περὶτὰ

136 2991 357 3064 άμφιβαλλόμενα
381 2996 552 3068 ταλαιπωρεῖς
574 2996 673 3065 μάτηνς
700 2991 875 3066 Ἀναγίνωσκε
895 2993 941 3049 τὰς
965 2991 1035 3051 θείας

135 3089 248 3165 γραφάς,
263 3087 309 3143 τάς
322 3084 404 3143 ε’ίκοσι
418 3088 464 3145 δίιο
476 3093 589 3157 βίβλους
606 3089 651 3160 τὴς
668 3092 779 3147 παλαῐας
799 3088 919 3160 διαθὴκης
931 3087 1035 3155 ταάτας,

134 3191 181 3246 τὰς
193 3186 244 3242 ὑπὸ
257 3190 308 3239 τῶν
322 3184 498 3256 ἕβδομίηκοντα
512 3185 558 3243 δίιο
571 3189 730 3260 ε’ρμηνευτῶν
743 3187 950 3260 ε’ρμηνευθείσας.

176 3286 222 3340 34.
244 3280 419 3357 Ἀλεξάνδρου
441 3286 492 3358 γάρ
515 3289 562 3341 τοῦ
584 3287 738 3340 Μακεδόνων
759 3287 893 3353 βασιλέως
913 3283 1033 3356 τελευτή-

137 3405 240 3448 σαντος,
260 3383 300 3439 καὶ
321 3383 367 3453 τῆς
385 3383 525 3449 βασιλείας
545 3384 582 3442 εἶς
601 3385 733 3457 τέσσαρας
753 3381 926 3457 διαιρεθείσης
943 3381 1047 3454 άρηὲιςι

1107 3490 1113 3535 1
