2356 3780
197 209 236 263 44
499 224 522 265 ε.
538 224 653 264 cmm
672 224 786 265 mnes.

196 422 242 491 τὴν
254 428 352 495 γνῶσιν
369 424 473 494 ἔχοντες
485 423 545 496 περὶ
565 423 599 476 ῶν
618 425 843 498 προγινώσκουσιν
861 423 908 492 ἤδη
928 420 975 491 τὴν
993 420 1093 493 μνήμην

196 517 425 591 ἀναζωπυρηθῶσι.

557 627 628 670 ΠΕΡΙ
645 626 734 670 ΘΕΟΤ.

235 729 262 782 4.
284 737 392 803 Πρῶτον
403 731 489 787 τοίνυν
505 733 617 800 ῦμῶντῇ
638 728 717 804 ψυχῇ
735 729 944 801 τεθεμελιοόσθω
965 731 1048 804 δόγμα
1062 735 1091 788 τδ

194 828 255 898 περὶ
276 832 350 883 θεοῦ·
372 829 411 883 ότι
431 832 445 882 ό
467 832 532 886 θεὸς
553 825 589 887 εἷς
611 830 669 885 ε’στι
692 831 779 899 μόνος,
801 827 944 901 ἀγέννητος,
971 829 1091 900 ἀναρχος,

194 923 327 996 ἀτρεττος,
353 924 538 988 ἀναλλοίωτος,
565 926 614 997 οὐχ
637 925 684 997 ὑφ’
712 926 800 998 έτέρου
826 924 1019 998 γεγεννημένος,
1045 925 1094 996 οῦχ

194 1018 283 1092 ἕτερον
301 1023 368 1092 ἔχων
386 1026 432 1092 τῆς
448 1024 512 1094 ζωης
532 1023 661 1095 διάδοχον·
683 1025 724 1077 καὶ
746 1024 805 1076 οὔτε
826 1021 853 1076 έν
873 1023 959 1096 χρόνῳ
981 1026 1027 1077 τοῦ
1050 1024 1095 1091 ζῇν

194 1116 345 1189 ἀρξόμενος,
366 1123 425 1174 οὔτε
446 1120 509 1176 ποτέ
526 1123 661 1174 τελευτῶν·
682 1120 724 1174 καὶ
743 1117 782 1173 ότι
804 1119 889 1174 Λῦτός
907 1119 979 1173 ε’στιν
997 1118 1094 1191 ἀγαθός

194 1216 236 1270 καὶ
250 1216 355 1272 δίκαιος·
376 1213 417 1271 ίνο
430 1216 474 1271 ε’άν
486 1239 551 1273 ποτε
564 1215 677 1286 ἀκούσης
690 1218 814 1290 λέγοντος
827 1217 965 1287 αἶρετικοῦ,
982 1216 1000 1245 “
1011 1216 1094 1271 ἄλλον

194 1308 258 1367 εἶναι
270 1314 316 1367 τὸν
329 1314 427 1368 δίκαιον
440 1314 482 1368 καὶ
495 1313 577 1369 ἀλλον
590 1309 655 1368 είναι
667 1316 712 1369 τόν
731 1310 856 1386 ἀγαθδν,”
871 1311 945 1370 εῦθῦς
959 1313 1091 1384 ὑπομνησ-

193 1408 248 1465 θεὶς
264 1415 330 1482 γνῶς
350 1412 381 1465 τὸ
401 1413 447 1481 τῆς
464 1411 589 1484 αίρίσεως
610 1410 725 1478 ἶοβόλον·
765 1412 932 1481 Ἐτολμησαν
954 1413 1005 1483 γάρ
1027 1432 1094 1469 τινες

193 1506 299 1571 ἀσεβῶς
311 1508 357 1561 τὸν
369 1506 414 1562 ἕνα
428 1510 494 1563 θεὸν
508 1509 663 1581 διαχωρίσαι
681 1510 717 1584 τῷ
731 1510 811 1583 λόγῳ.
855 1509 904 1562 Καὶ
924 1529 991 1565 τινες
1011 1503 1093 1575 είπον,

136 1595 141 1607 ’
193 1604 211 1629 “
220 1601 304 1657 ἀλλον
315 1604 362 1674 μὲν
375 1605 420 1658 τὸν
433 1604 586 1678 δημιουργὸν
599 1608 644 1675 τῆς
656 1606 746 1676 ψυχῆς
761 1606 802 1659 καὶ
816 1606 952 1673 δεσπότην,
968 1605 1050 1659 ἀλλον
1062 1605 1091 1659 δέ

194 1699 240 1754 τὸν
257 1707 308 1756 τῶν
321 1696 476 1769 σωμάτων,”
492 1700 604 1770 ἀνοήτως
623 1702 675 1771 ἅμα
695 1702 737 1755 καί
757 1703 895 1768 δυσσεβῶς
916 1702 1090 1757 διδάσκοντες.

195 1802 255 1853 Πῶς
268 1798 318 1869 γὰρ
331 1795 378 1852 δόο
399 1799 492 1870 κυρίων
504 1794 541 1855 είς
554 1799 646 1854 δοῦλος
661 1797 758 1870 γίνεται
776 1798 918 1871 ἅνθρωπος,
931 1801 977 1851 τοῦ
993 1797 1092 1869 Κυρίου

194 1894 317 1966 λέγοντος
334 1895 362 1949 έν
383 1895 553 1968 εὐαγγελίοις,
571 1893 588 1923 “
601 1894 692 1952 Οῦδείς
710 1891 813 1950 δόναται
834 1895 895 1949 δυσὶ
916 1896 1011 1967 κυρίοις
1031 1896 1091 1950 δου-

194 1990 279 2046 λεύειν
290 1987 317 2054 ;''
338 1988 384 2049 Είς
398 1991 443 2047 οῦν
455 1991 514 2048 έστι
528 1992 593 2048 θεὸς
610 1993 724 2062 μόνος,ό
740 1993 781 2046 καί
793 1991 889 2064 ψυχῶν
907 1993 948 2045 καὶ
966 1995 1093 2062 σωμάτων

193 2086 307 2158 ποιητής·
329 2085 366 2146 είς
380 2089 479 2144 έστινό
498 2090 651 2162 δημιουργὸς
672 2089 781 2161 οῦρανοῦ
801 2090 842 2143 καί
855 2091 911 2162 γῆς,
927 2089 1046 2162 ἀγγελων
1064 2113 1092 2145 τε

194 2187 236 2241 καὶ
256 2185 426 2260 ἀρχαγγέλων
445 2185 559 2256 ποιητής·
580 2189 595 2240 ό
616 2189 723 2242 πολλῶν
739 2187 787 2257 μὲν
807 2187 970 2259 δημιουργὸς,
990 2191 1044 2244 ένὸς
1064 2190 1092 2243 δέ

193 2286 273 2352 μόνου
294 2283 384 2354 Πατὴρ
403 2285 455 2357 πρὸ
478 2283 584 2348 αἰώνων,
604 2282 660 2341 ένάς
682 2289 762 2356 μόνου
785 2289 831 2339 τοῦ
854 2289 1008 2359 μονογενοῦς
1031 2286 1092 2338 Υἱοῦ

193 2381 272 2435 αῦτοῦ
285 2385 331 2435 τοῦ
345 2381 441 2453 Κυρίου
460 2381 531 2452 ἡμῶν
543 2382 632 2452 Ἰησοῦ
645 2385 768 2455 Χριστοῦ,
783 2379 817 2437 δι’
831 2380 862 2436 οῦ
881 2380 988 2445 έποίησε
1000 2381 1091 2445 πάντα,

194 2478 227 2531 τὰ
240 2479 319 2549 όρατά
333 2479 374 2532 καὶ
387 2478 420 2532 τὰ
433 2479 536 2551 ἀόρατα.

233 2574 261 2626 5.
284 2572 375 2638 Οὗτος,
397 2576 412 2628 ό
432 2574 516 2648 πατὴρ
537 2578 583 2629 τοῦ
606 2574 701 2646 Κυρίου
723 2573 793 2643 ἡμῶν
804 2572 893 2644 Ἰησοῦ
915 2575 1040 2645 Χριστοῦ,
1061 2571 1092 2626 οῦ

192 2670 394 2744 περιγέγραπται
416 2671 443 2726 έν
464 2672 514 2726 τινί
536 2674 616 2748 τόπῳ,
639 2671 699 2727 οὐδέ
722 2672 779 2727 ε’στι
801 2673 950 2744 μικρότερος
974 2670 1091 2742 οὐρανοῦ·
1115 2661 1117 2665 ⁸

193 2767 255 2822 ἀλλ’
270 2770 288 2794 “
297 2769 361 2841 ἔργα
381 2772 432 2823 τῶν
450 2766 582 2824 δακτόλων
600 2770 678 2824 αῦτοῦ
696 2768 763 2824 είσιν
782 2771 806 2822 οί
822 2768 953 2843 οῦρανοὶ,”
968 2769 1008 2822 καί
1024 2767 1039 2836 η
1058 2771 1091 2842 γη

193 2866 266 2918 πᾶσα
280 2865 308 2920 έν
320 2860 352 2935 τῇ
366 2865 439 2934 δρακί
453 2866 530 2921 αὐτοῦ
548 2868 690 2937 κατέχεται.
733 2865 814 2923 Οὗτος
835 2868 862 2922 έν
873 2860 955 2922 πᾶσίν
968 2867 1036 2929 ε’στι,
1051 2873 1092 2920 καὶ

192 2959 294 3015 πάντων
306 2959 387 3018 ε’κτός.
429 2961 472 3031 Μὴ
493 2963 600 3033 νομίσῃς
621 2964 699 3017 αὐτοῦ
718 2964 763 3018 τδν
777 2965 854 3034 ἥλιον
866 2965 1061 3036 φωτεινότερον,
1076 2961 1092 3032 ἢ

193 3050 253 3110 ίσον
267 3052 338 3112 εἶναι.
378 3057 409 3113 '0
423 3061 473 3133 γὰρ
486 3059 530 3114 τὸν
543 3059 621 3130 ἥλιον
639 3063 832 3118 κατασκευάσας
848 3065 976 3134 πρότερον
989 3061 1092 3132 ὀφείλει

192 3153 286 3226 πολλῷ
309 3156 412 3224 μᾶλλον
434 3156 596 3228 ἀσυγκρίτως
623 3153 687 3212 είναι
709 3156 802 3228 μείζων
828 3160 869 3212 καὶ
893 3159 1088 3230 φωτεινότερος.

193 3251 369 3322 Προγνῶστης
391 3251 451 3308 ε’στί
472 3258 523 3308 τῶν
543 3256 700 3324 μελλόντων,
723 3256 764 3310 καὶ
786 3256 888 3311 πάντων
912 3255 1090 3327 δυνατώτερος·

193 3347 267 3403 εἶδῶς
280 3347 378 3403 ἅπαντα
397 3351 438 3403 καὶ
453 3354 534 3404 ποιῶν
552 3352 586 3408 ῶς
598 3348 730 3418 βοῦλεται·
753 3351 802 3424 οῦχ
823 3351 987 3422 ὑποκείμενος
1008 3372 1091 3424 πραγ-

177 3445 277 3508 μάτων
292 3444 469 3513 ακολουθίαις,
492 3447 553 3503 οῦδὲ
571 3449 683 3523 γενέσει,
702 3447 761 3503 οῦδὲ
779 3445 854 3521 τόχη,
873 3447 928 3503 οὔθ’
943 3450 1089 3522 εἱμαρμένη.
