2356 3780
366 251 402 292 nr
422 251 576 292 srnaonrn
595 250 805 292 arosroaonuu.
976 226 1039 290 139'

135 403 245 477 dictum
259 420 311 491 est,
330 416 391 475 “in
404 404 466 474 Deo
479 416 590 476 Patre”
606 415 692 490 credi,
708 416 820 493 adjecta
832 413 1033 492 praepositione

138 513 228 587 “in,”
240 513 283 572 ita
296 517 326 573 et
338 511 398 570 “in
412 511 535 584 Christo,
548 510 625 570 Filio
639 511 732 588 ejus,''
745 511 787 570 ita
800 515 830 571 et
846 510 907 570 “in
921 509 1034 587 Spiritu

135 608 260 669 Sancto”
274 611 458 667 memoratur.
492 607 548 666 sed
560 610 596 666 ut
608 606 789 666 manifestius
801 607 854 666 fiat
867 607 945 684 quod
958 603 1034 664 dixi-

135 723 208 777 mus,
222 723 260 762 ex
280 702 520 780 consequentibus
539 701 752 778 approbabitur.
795 701 933 780 Sequitur
951 719 1033 759 nam·

135 818 193 876 que
205 800 360 876 posthunc
374 817 539 871 sermonem,

176 901 223 954 36.
246 894 586 965 emolamentum
612 911 809 951 naurssronnn
831 911 1033 966 racemorum

135 1010 228 1050 nurus
248 991 359 1049 (lanrrs
371 991 645 1048 Rasunnrcrronan.
688 989 755 1047 Non
775 989 852 1047 dixit
874 989 934 1047 “in
954 1009 1034 1048 sanc-

135 1091 196 1146 tam
222 1086 411 1159 Ecclesiam,''
435 1105 489 1144 nec
514 1085 576 1143 “in
601 1084 797 1144 remissionem
822 1086 1034 1162 peecatorum,”

136 1201 190 1241 nec
213 1181 274 1239 “in
298 1182 391 1240 earnis
414 1180 683 1240 resurrectionem.”
725 1180 757 1239 ai
779 1181 856 1239 enim
879 1181 1036 1241 addidisset

140 1277 218 1335 “in'’
239 1276 478 1354 praepositionem,
500 1295 646 1334 unacum
667 1275 860 1352 superioribus
879 1276 1036 1353 eademque

136 1370 182 1430 vis
194 1371 285 1430 fieret.
327 1372 414 1430 Nunc
434 1375 532 1430 autem
552 1370 583 1428 in
603 1370 664 1428 illis
684 1370 800 1447 quidem
813 1371 967 1444 vocabulis,
984 1370 1036 1430 ubi

137 1470 174 1527 de
196 1468 358 1528 Divinitate
385 1469 535 1528 ordinatur
557 1469 637 1539 fides,
657 1469 719 1526 “in
742 1469 804 1527 Deo
825 1469 938 1527 Patre''
963 1469 1034 1527 dioi-

137 1569 194 1639 tur,
218 1568 249 1623 et
271 1564 332 1623 “in
351 1566 422 1624 Jesu
442 1564 556 1624 Christo
575 1564 652 1624 Filio
674 1565 769 1642 ejus,”
790 1568 820 1624 et
843 1565 903 1623 “in
925 1564 1036 1642 Spiritu

138 1662 243 1721 Sancto
250 1663 280 1735 ;''
300 1661 332 1719 in
347 1661 458 1720 eaeteris
472 1679 548 1735 vero,
564 1661 616 1720 nbi
634 1680 694 1719 non
707 1662 742 1719 de
755 1662 917 1722 Divinitate
939 1663 987 1721 sed
1001 1663 1037 1721 de

139 1759 277 1817 creaturis
296 1777 329 1817 aa
350 1757 497 1836 mysteriis
515 1778 606 1816 sermo
626 1763 678 1832 est,
698 1759 780 1817 “in''
794 1759 959 1836 praepositio
978 1779 1038 1818 non

138 1853 262 1926 additur,
278 1856 314 1912 ut
333 1853 447 1912 dicatur
465 1852 528 1910 “in
548 1857 646 1913 sancta
665 1853 795 1913 Ecclesia
804 1857 831 1928 ;'’
853 1856 902 1933 sed
925 1859 944 1888 “
956 1874 1037 1913 sanc·

137 1957 197 2008 tam
218 1951 394 2008 Ecclesiam'
409 1951 579 2010 credendam
598 1971 667 2025 esse,
682 1971 741 2009 non
759 1955 795 2011 ut
814 1952 918 2025 Deum,
934 1953 983 2010 sed
1002 1955 1038 2010 ut

138 2048 296 2108 Ecclesiam
319 2050 381 2108 Deo
405 2054 615 2125 congregatam.
657 2051 698 2109 ut
726 2050 949 2109 “remissionem
971 2069 1038 2127 pec·

140 2146 295 2202 catorum''
321 2146 438 2204 credant
460 2164 529 2219 esse,
552 2165 611 2204 non
638 2145 698 2202 “in
722 2145 918 2203 remissionem
940 2165 1038 2222 pecca·

139 2239 274 2312 torum;”
298 2244 328 2300 et
350 2241 616 2300 “resurrectionem
636 2240 761 2313 earnis,'’
782 2260 841 2299 non
864 2241 925 2298 “in
944 2260 1039 2299 resur·

140 2336 296 2395 rectionem
318 2337 441 2396 carnis.”
481 2337 547 2395 Hac
569 2337 668 2414 itaque
691 2337 901 2414 praepositionis
927 2337 1040 2415 syllaba

141 2433 260 2491 Creator
280 2453 297 2492 a
316 2432 456 2492 creaturis
476 2432 641 2505 secernitur,
656 2436 687 2491 et
702 2433 801 2492 divina
822 2437 990 2509 separantur
1003 2433 1040 2491 ab

139 2529 283 2587 humanis.
313 2529 374 2588 Hic
387 2529 480 2604 igitur
494 2529 620 2606 Spiritus
632 2530 755 2588 Sanctus
768 2532 820 2602 est,
834 2529 930 2605 quiin
939 2529 1040 2588 Veteri

140 2625 322 2684 Testamento
345 2627 453 2701 Legem
476 2628 507 2684 et
529 2624 697 2701 Prophetas,
722 2625 754 2683 in
775 2626 858 2684 Novo
881 2624 1041 2698 Evangelia

140 2724 171 2780 et
197 2721 351 2797 Apostolos
385 2720 549 2798 inspiravit.
598 2721 684 2780 Unde
717 2726 747 2780 et
773 2721 930 2797 Apostolus
960 2720 1040 2794 dicit,

146 2816 241 2874 Omnis
261 2817 403 2891 serapiaca
420 2815 556 2874 diuinitas
574 2816 714 2889 inspirata
731 2816 814 2874 atilae
833 2819 872 2873 est
892 2816 930 2872 cd
948 2815 1040 2873 dorca

141 2912 214 2969 dam.
257 2912 297 2970 Et
317 2912 382 2970 idco
403 2929 468 2988 qnae
493 2913 561 2969 sunt
580 2910 658 2968 Novi
679 2930 712 2969 ac
730 2910 845 2970 Veteris
863 2910 1041 2969 Testamenti

139 3006 296 3079 volumina,
319 3026 393 3084 quae,
420 3007 578 3065 secundum
604 3007 745 3084 majorum
771 3005 964 3080 traditionem,
989 3026 1042 3083 per

139 3103 236 3180 ipsum
260 3104 401 3180 Spiritum
424 3103 562 3162 Sanctum
584 3103 724 3180 inspirata
748 3103 913 3177 creduntur,
935 3111 965 3162 et
986 3105 1041 3163 Ee-

141 3201 235 3260 olesiis
255 3199 362 3259 Christi
381 3200 498 3272 tradita,
523 3206 685 3275 competens
704 3200 821 3259 videtur
839 3201 894 3258 hoc
913 3199 945 3258 in
967 3200 1039 3274 loco,

140 3299 268 3358 evidenti
288 3316 416 3371 numero,
442 3296 518 3356 sieut
542 3316 580 3355 ex
600 3297 721 3356 Patrum
744 3295 939 3357 monumentis
962 3316 1040 3357 acoe-

140 3395 245 3474 pimus‚
261 3394 422 3472 designare.
