2356 3780
361 253 397 293 na
417 252 571 294 amorum
590 250 798 293 srosroronnn.
972 227 1027 290 121

130 426 250 487 hamum
276 449 340 489 esea
366 433 529 490 contectum
555 429 580 489 si
612 429 699 507 piscis
729 429 832 506 rapiat,
860 448 919 488 non
946 428 1032 487 modo

132 541 226 582 eseam
245 526 281 584 ab
293 525 378 584 hamo
397 545 455 584 non
475 528 613 598 removet,
628 525 679 584 sed
698 530 729 584 st
747 525 808 601 ipse
821 523 858 583 de
877 522 1029 600 profundo,

131 637 196 677 esea
208 619 274 679 aliis
286 620 412 695 futurus,
428 621 571 694 educitur,
587 621 630 680 ita
642 624 673 681 et
690 620 716 680 is
729 621 781 698 qui
793 620 919 679 habebat
930 619 1033 678 mortis
1082 656 1085 660 ›

130 710 285 789 imperium
307 715 406 792 rapuit
428 715 546 793 quidem
571 714 603 772 in
625 717 717 774 morte
743 733 846 791 eorpus
868 715 947 786 Jesu,
972 733 1032 772 non

130 809 256 869 sentiens
268 810 301 870 in
314 831 347 872 eo
358 811 478 872 hamum
486 813 659 873 Divinitatis
671 814 816 873 inclusum
826 836 833 888 3
854 813 904 872 sed
916 813 968 872 ubi
982 814 1030 872 de·
1104 843 1107 850 ·

129 907 250 982 voravit,
261 907 346 968 haesit
358 908 420 986 ipse
434 909 578 982 continuo,
590 914 620 970 et
628 909 753 986 diruptis
765 909 872 968 inferni
886 909 1029 983 claustris,

130 1001 213 1061 velut
235 1003 271 1062 de
293 1004 436 1080 profundo
459 1008 607 1064 extractus
625 1005 753 1064 trahitur
775 1009 811 1065 ut
833 1024 898 1063 asoa
920 1005 1032 1065 caeteris

129 1097 191 1156 fiat.
233 1098 317 1165 Quod
329 1099 373 1158 ita
385 1100 517 1160 futurum
536 1101 589 1159 sub
602 1101 657 1160 hae
677 1101 776 1160 eadem
789 1101 884 1176 figura
896 1101 1033 1160 Ezechiel

133 1195 244 1254 dudum
256 1196 401 1274 Propheta
421 1197 593 1273 signaverat,
608 1198 715 1272 dicens,
729 1200 773 1257 Et
792 1198 934 1257 extraham
955 1202 981 1256 ta
1001 1199 1033 1257 ia

131 1288 210 1350 hamo
228 1311 292 1365 maa,
314 1297 341 1350 et
361 1295 502 1370 maedam
526 1299 552 1352 te
572 1313 654 1368 saper
678 1298 799 1353 terram:
823 1294 916 1368 aaapa‘
934 1293 1032 1367 impla-

131 1385 234 1445 baatar
247 1388 279 1445 da
299 1392 333 1461 ta,
349 1394 376 1448 at
395 1375 560 1448 carnalitatum
573 1409 655 1464 sapor
669 1394 695 1448 ta
714 1409 802 1449 amaea
821 1389 942 1449 oohaaraa
962 1389 1029 1462 oali,

130 1485 159 1541 at
170 1483 298 1543 saturabo
317 1504 350 1542 aa
370 1488 396 1543 ta
415 1505 503 1544 amaea
523 1485 621 1544 batiae
640 1489 729 1544 tarra.
770 1485 827 1544 Sed
847 1489 877 1544 et
889 1485 1034 1561 Propheta

130 1575 228 1636 David
250 1577 330 1652 dicit,
355 1580 398 1638 Pa
417 1580 577 1658 aoasrapa'sta‘
598 1581 692 1656 capita
711 1581 837 1640 ‹traaoaa'a
859 1581 962 1658 maqaa',
988 1581 1033 1638 da-

130 1673 202 1732 da'ati
213 1695 272 1734 eam
285 1676 317 1734 a'a
329 1696 415 1736 aream
422 1677 537 1753 papalia
550 1678 729 1754 AEtla'opam.
764 1677 804 1736 Et
816 1678 836 1737 J
836 1678 871 1736 ob
885 1676 920 1735 de
935 1676 1034 1735 eodem

130 1770 268 1847 mysterio
292 1771 425 1831 similiter
446 1775 641 1849 protestatum
675 1771 717 1832 ait
740 1771 826 1845 enim,
852 1791 890 1830 ex
913 1789 1034 1848 persona

130 1865 248 1926 Domini
260 1867 406 1945 loquentis
419 1869 456 1926 ad
469 1887 508 1945 so,
520 1869 586 1928 Aa
606 1869 719 1928 addaces
738 1870 879 1928 araaoaam
899 1868 930 1926 a'a
943 1867 1031 1941 hamo,

130 1966 157 2021 at
163 1982 249 2037 paaaa
263 1965 414 2039 captatam
428 1965 502 2024 oa‘raa
514 1985 595 2024 aaran
608 1965 690 2042 aas?
765 1997 767 2003 ·

172 2058 217 2117 17.
240 2059 307 2118 Non
326 2079 394 2135 ergo
421 2060 524 2119 damno
544 2061 642 2138 aliquo
669 2065 721 2120 aut
740 2060 849 2139 injuria
861 2058 1034 2119 Divinitatis

130 2151 262 2212 Christus
281 2154 313 2212 in
326 2173 410 2214 oarne
428 2156 549 2231 patitur,
566 2157 625 2228 sed,
640 2159 676 2214 ut
694 2175 747 2232 per
758 2154 958 2214 infirmitatem
972 2173 1033 2213 oar·

129 2246 176 2306 nis
196 2256 363 2324 operaretur
382 2252 515 2325 salutem,
538 2250 647 2310 Divina
665 2253 770 2310 natura
789 2251 822 2310 in
841 2254 963 2308 mortem
982 2268 1034 2325 per

132 2362 246 2402 earnem
265 2344 430 2418 deseendit3
453 2365 513 2404 non
531 2350 566 2405 ut
585 2346 650 2421 lege
669 2345 836 2405 mortalium
855 2344 1035 2403 detineretur

131 2459 150 2497 a
168 2442 270 2513 morte,
291 2439 340 2497 sed
359 2442 395 2498 ut
416 2458 469 2514 per
489 2459 549 2498 sese
571 2442 786 2498 resurrecturus
806 2439 912 2515 januas
934 2437 1035 2495 mortis

131 2534 272 2611 aperiret:
294 2535 378 2594 velut
398 2533 502 2610 siquis
520 2554 574 2593 rex
593 2537 696 2611 pergat
716 2534 753 2591 ad
772 2551 922 2604 eareerem,
939 2536 970 2592 et
988 2533 1034 2591 in·

131 2649 245 2706 grossam
264 2629 376 2707 aperiat
391 2629 506 2707 januas,
522 2630 649 2688 resolvat
669 2631 793 2701 catenas,
809 2627 936 2700 vincula,
958 2647 1035 2686 seras

132 2729 163 2784 et
182 2727 307 2785 claustra
326 2725 511 2799 comminuat,
535 2729 565 2784 et
588 2725 692 2783 eduoat
710 2723 823 2783 vinotos
842 2722 874 2781 in
893 2722 1035 2782 remissio-

131 2839 208 2895 nem,
225 2827 254 2881 et
274 2822 387 2899 eosqui
407 2822 508 2880 sedent
527 2820 700 2881 intenebris
720 2828 750 2878 et
768 2820 801 2878 in
813 2820 916 2877 umbra
934 2817 1035 2877 mortis

132 2919 193 2979 luoi
211 2941 245 2980 ae
258 2920 327 2980 vitae
347 2919 491 2980 restituat.
532 2919 649 2977 Dicitur
662 2938 729 2993 ergo
748 2937 802 2977 rex
814 2916 904 2975 fuisse
918 2916 1035 2994 quidem

130 3016 163 3075 in
176 3036 296 3091 ramere,
311 3036 371 3075 non
382 3020 480 3075 tamen
500 3034 534 3073 ea
554 3014 716 3074 conditione
730 3034 788 3091 qua
801 3013 919 3072 fuerant
936 3012 1034 3072 aaeteri

131 3113 182 3190 qui
201 3115 376 3172 tenebantur
394 3112 426 3170 in
445 3130 576 3184 careere3
607 3111 658 3169 sed
676 3110 723 3168 illi
743 3110 860 3187 quidem
879 3113 914 3168 ut
933 3128 1033 3186 poenas

130 3210 283 3282 solverent,
298 3207 347 3265 hio
360 3226 428 3265 vero
440 3210 476 3266 ut
489 3205 650 3266 absolveret
661 3225 771 3283 poenas.

182 3309 228 3365 18.
251 3302 422 3365 cautissime
454 3306 551 3362 autem
579 3301 631 3379 qui
664 3301 826 3378 symbolum
851 3293 1035 3359 tradiderunt

133 3399 221 3461 etiam
243 3404 359 3477 tempus
381 3418 439 3476 quo
461 3398 524 3458 hoeo
547 3398 600 3457 sub
621 3395 725 3456 Pontio
743 3395 839 3473 Pilato
862 3398 943 3472 gesta
966 3397 1035 3466 sunt
