2356 3780
149 232 187 286 98
456 248 479 289 s.
497 248 564 289 sua.
584 249 739 290 suousrrur

147 411 270 471 creavit:
293 431 395 488 eorpus
407 417 537 472 nostrum
550 415 616 490 quis
630 413 760 474 creavit?
793 413 877 473 Unde
890 416 1044 491 probamus

146 505 215 582 quia
227 508 346 566 herbam
359 509 439 567 Deus
450 509 549 569 creat?
580 511 639 576 Qui
653 510 747 584 vestit,
764 510 825 586 ipse
845 513 931 568 creat.
946 510 1043 569 Evan-

143 602 254 675 gelium
265 604 348 678 lege:
371 605 409 664 St
426 625 488 681 erqo
500 607 600 682 fenum
613 608 686 684 apri,
702 607 752 679 ait,
768 606 840 684 qood
855 606 933 665 lodic
952 610 1001 680 est,
1017 613 1044 666 et

143 716 204 756 cros
227 700 259 758 tn
281 699 418 760 elt'banum
438 703 573 777 mittitur,
600 705 676 764 Deus
698 704 739 761 se
762 703 851 761 uestit.
893 701 951 761 Ille
974 721 1042 778 ergo

143 797 228 867 oreat,
250 795 302 871 qui
320 797 417 857 vestit.
459 798 499 857 Et
519 799 683 875 Apostolus,
709 798 813 871 Stulte,
835 798 908 875 qood
925 799 1042 858 seminas

141 909 196 948 oon
218 892 384 968 oioptcctcr,
410 895 469 953 cist
492 897 651 955 morietur:
686 901 712 954 et
738 896 810 973 quod
835 895 959 967 seminas,
987 914 1042 955 con

142 1003 238 1060 corpus
251 987 323 1065 quod
330 987 465 1062 fututum
481 991 666 1066 estsemtncc,
680 991 726 1048 scd
742 989 845 1048 oedem
860 1007 988 1063 pronum,
1008 993 1040 1047 ut

132 1078 211 1153 sorte
230 1083 330 1148 tritici,
344 1088 394 1142 cut
407 1083 522 1160 olimque
540 1089 696 1144 ceterorum
704 1107 716 1152 ,·
736 1084 813 1142 Deus
825 1087 915 1140 cutem
928 1081 976 1140 illi
992 1083 1041 1143 dot

139 1194 236 1252 corpus
249 1179 377 1257 quomodo
396 1178 521 1253 coluerit,
537 1185 564 1239 et
582 1181 727 1257 unicuique
745 1179 876 1237 socinum
888 1178 1040 1252 proprium

138 1291 243 1348 corpus.
286 1274 318 1334 Si
331 1294 398 1351 ergo
411 1275 492 1333 Deus
510 1295 630 1352 corpora
648 1286 747 1335 nostra
766 1273 898 1344 aedifieat,
915 1272 939 1331 si
959 1273 1039 1332 Deus

136 1371 264 1427 membra
288 1373 386 1430 nostre
412 1371 543 1444 aedifioat,
573 1376 603 1430 et
629 1390 745 1446 corpora
770 1375 868 1428 nostra
893 1369 1037 1444 templum

136 1467 205 1522 sunt
224 1464 349 1541 Spiritus
368 1464 476 1538 Sancti,
498 1466 589 1526 nolite
604 1466 736 1525 dubitare
750 1467 845 1524 Deum
864 1484 924 1523 esse
946 1462 1036 1541 Spiri-

134 1563 199 1618 tum
213 1562 360 1620 Sanctum.
401 1562 443 1621 Et
462 1563 552 1622 nolite
571 1563 675 1621 addere
689 1561 772 1640 quasi
785 1561 906 1621 tertium
919 1561 1034 1634 Deum;

134 1657 204 1732 quio
215 1659 302 1717 Pater
315 1664 345 1719 et
358 1657 454 1717 Filius
468 1663 498 1718 et
512 1659 638 1736 Spiritus
652 1659 774 1719 Sanctus
793 1677 870 1716 unus
884 1662 929 1717 est
942 1658 1031 1716 Deus.

135 1751 182 1810 Sic
196 1753 312 1813 credite.

172 1853 218 1908 14.
242 1850 381 1927 Sequitur
396 1855 463 1928 post
476 1851 626 1910 Trinitatis
643 1850 925 1924 commendationem,
941 1852 1032 1910 Surc-

130 1959 189 1998 11111
213 1943 386 2004 Eccaasmu.
428 1945 649 2004 Demonstretus
672 1952 716 2004 est
738 1944 818 2002 Deus
839 1949 869 2003 et
891 1945 1033 2021 templum

129 2035 235 2113 Ipsius.
279 2039 421 2115 Pccsplum
440 2040 512 2100 enim
524 2041 582 2099 Dei
600 2046 723 2100 coactum
743 2046 791 2113 est,
808 2041 850 2099 ait
861 2041 1029 2117 Apostolus,

129 2135 203 2212 quod
221 2135 286 2193 eatis
298 2156 353 2196 cos.
396 2136 466 2212 Ipse
485 2143 530 2194 est
543 2137 672 2195 Ecclesia
691 2141 798 2211 sanem,
814 2136 945 2195 Ecclesia
959 2154 1028 2209 uua,

128 2229 257 2290 Ecclesia
270 2251 346 2305 vere,
358 2232 488 2290 Ecclesia
507 2232 656 2305 catholica,
672 2236 771 2291 eontra
791 2251 888 2290 omnes
907 2231 1031 2290 haereses

127 2345 269 2402 pugnans.
299 2327 432 2402 Pugnare
444 2330 548 2402 potest,
562 2327 723 2403 expugnari
737 2333 834 2385 temen
851 2346 909 2385 non
921 2327 1026 2402 potest.

126 2421 262 2482 Haereses
279 2442 376 2481 omues
389 2422 424 2481 de
437 2422 490 2480 illa
503 2421 647 2496 exierunt,
663 2426 802 2498 tanquam
822 2425 965 2482 sarmenta
978 2421 1025 2478 in-

125 2518 212 2577 utilia
225 2520 260 2577 de
273 2519 333 2578 vite
346 2518 481 2595 praecisa:
503 2518 566 2595 ipso
578 2522 676 2578 autem
693 2526 792 2578 manet
808 2519 841 2577 iu
853 2517 949 2576 radice
962 2537 1023 2591 sua,

123 2615 156 2674 in
168 2617 229 2675 vite
243 2636 302 2685 sua,
316 2616 349 2674 in
362 2615 502 2675 charitate
516 2635 576 2674 sua.
609 2617 704 2676 Portae
718 2616 876 2675 inferorum
888 2635 946 2673 non
960 2614 1026 2674 vin·

125 2715 193 2771 cent
205 2731 277 2771 eam.

167 2813 211 2866 15.
233 2809 438 2867 Ramssrosau
464 2826 656 2868 racemorum
705 2807 830 2867 Habetis
854 2807 1025 2884 Symbolum

122 2906 249 2982 perfecte
271 2906 304 2963 in
324 2903 413 2976 vobis,
438 2904 552 2980 quando
576 2904 772 2980 baptizamini.
821 2905 913 2962 Nemo
936 2903 1022 2976 dieat,

125 3002 237 3061 “Illud
250 3001 315 3074 feei,
331 3002 404 3060 forte
423 3020 482 3058 non
500 3000 572 3058 mihi
586 3001 774 3060 dimittitrm.”
816 2999 895 3066 Quid
908 2997 1023 3058 fecisti?

122 3102 264 3174 quantum
276 3096 391 3157 fecisti?
422 3096 477 3155 Dio
491 3097 615 3155 immane
628 3096 740 3173 aliquid
751 3096 829 3172 'quod
843 3094 1021 3167 commisisti,

121 3213 217 3269 grava,
237 3195 419 3267 horrendum,
442 3194 625 3270 quodetiam
649 3193 774 3267 cogitare
794 3193 910 3250 horres:
937 3190 1022 3267 quid-

120 3290 193 3365 quid
204 3291 250 3348 vis
261 3289 372 3362 feceris,
388 3287 531 3365 numquid
545 3289 694 3348 Christum
713 3286 863 3346 occidisti?
897 3288 964 3345 Non
978 3289 1023 3344 est

44 3320 79 3551 '
99 3383 165 3441 isto
174 3385 258 3444 facto
270 3384 386 3462 aliquid
397 3385 493 3465 pejus,
507 3384 576 3462 quia
589 3388 620 3443 et
633 3383 746 3442 Christo
759 3383 835 3442 nihil
848 3389 893 3443 est
904 3380 1018 3441 melius.
1037 3440 1039 3445 ,
