2356 3780
173 217 229 275 120
446 232 552 274 numm
570 233 794 274 communius

169 411 295 473 libenter
306 413 458 474 interitum
477 434 529 492 pro
548 413 657 491 pietate
678 412 829 490 suscipere.
871 411 953 470 Tunc
966 409 1070 468 deinde

168 507 339 568 obedientie
361 508 444 567 nobis
466 509 499 568 in
517 510 572 568 hac
592 508 692 568 eodem
711 527 794 567 eruce
814 506 948 585 proponit
971 525 1069 564 exem-

167 601 258 678 plum,
276 603 351 663 sicut
369 603 439 679 illis,
452 604 504 682 qui
522 603 676 681 aliqnando
696 607 821 663 rectores
840 600 931 662 nostri
942 601 1068 673 fuerant,

166 698 265 774 posuit
284 699 471 761 contumacias
491 719 599 776 poenas.
640 699 720 757 Audi
741 719 809 774 ergo
829 697 969 776 quomodo
988 696 1067 772 Apo-

167 794 259 852 stolus
271 795 338 853 vnlt
355 815 408 872 per
421 815 536 856 crucem
549 794 657 854 Christi
677 793 869 854 obedientiam
887 813 940 852 nos
957 792 1067 865 docere,

169 889 243 964 Hoc,
258 889 364 968 inquit,
387 892 485 950 acolito
504 892 536 950 ia
554 891 628 950 octat
648 891 721 969 quod
739 890 771 949 ia
789 890 899 949 Christo
917 891 993 960 Jcaa,
1010 888 1068 964 qai,

168 1003 228 1044 eam
247 986 279 1046 ia
291 987 389 1062 suma
401 987 458 1046 Dei
475 992 550 1061 acet,
565 1007 620 1046 noa
638 987 769 1062 rapinam
783 986 938 1046 arbitratae
957 989 997 1043 cst
1016 1003 1070 1042 coac

166 1108 194 1147 ac
206 1089 334 1166 aquatam
346 1090 415 1164 Deo,
430 1091 478 1149 aad
495 1091 667 1165 remotiorum
687 1089 851 1161 cainaaios't,
859 1088 984 1163 sormam
997 1087 1072 1146 serui

169 1194 314 1268 coaptans,
331 1193 363 1252 ia
375 1192 587 1253 similitudinem
600 1193 738 1252 bominum
744 1192 850 1267 factus,
866 1195 902 1265 ot,
918 1190 1015 1250 tabita
1027 1209 1070 1249 re·

160 1293 262 1363 pertas
275 1293 309 1347 at
321 1289 406 1362 mmo,
415 1288 513 1365 sactae
526 1292 566 1346 eat
579 1287 701 1347 obediens
714 1307 797 1364 usqua
810 1287 848 1344 od
863 1290 985 1356 mortem,
998 1305 1070 1345 mor-

166 1388 219 1444 tam
240 1389 330 1444 autem
344 1385 441 1444 acob.
483 1382 559 1449 Quia
578 1403 645 1460 ergo
659 1383 716 1442 Ille
735 1402 857 1458 magnus
876 1382 1014 1457 magister
1027 1386 1072 1442 est

164 1479 216 1558 qui
229 1480 331 1539 fecerit
344 1484 374 1540 et
387 1479 525 1553 docuerit,
541 1479 605 1538 ideo
619 1479 820 1553 obedientiam,
833 1499 898 1556 quae
911 1478 968 1555 piis
981 1478 1069 1538 etiam

164 1579 298 1651 suscepta
316 1581 408 1634 morte
430 1575 569 1634 servanda
582 1577 634 1650 est,
649 1575 749 1634 docuit
762 1575 829 1653 Ipse
849 1575 968 1652 probae
987 1574 1069 1651 prius

164 1670 312 1729 moriendo
327 1671 443 1730 servari.
634 1654 638 1662 ⁴

204 1769 251 1823 16.
274 1765 331 1824 Sed
349 1765 468 1824 fortasse
481 1768 608 1826 terretur
620 1765 726 1844 aliquis
743 1764 775 1823 in
786 1764 986 1842 hujuscemodi
1003 1764 1069 1823 doo-

163 1859 250 1928 trina,
266 1861 344 1938 quod
363 1880 450 1938 quem
468 1863 556 1938 paulo
576 1865 642 1922 anta
663 1881 729 1920 cum
749 1861 811 1920 Deo
831 1862 918 1921 Patre
938 1860 1066 1919 diximus

165 1955 372 2033 sempiternum
395 1976 428 2015 ac
451 1957 487 2015 de
511 1957 585 2034 Ejus
608 1957 770 2016 substantia
793 1976 853 2014 esse
874 1955 1067 2032 progenitum,

164 2070 309 2128 quemque
329 2070 428 2126 regno,
440 2050 599 2128 majestate,
621 2038 792 2124 oetemitate,
808 2069 901 2108 unum
920 2069 987 2108 curn
1005 2049 1068 2107 Deo

164 2145 251 2205 Patre
275 2165 336 2204 esse
358 2147 517 2220 docuimus,
540 2166 617 2206 nunc
638 2146 674 2204 de
694 2146 768 2223 Ejus
789 2149 880 2204 morte
899 2148 1070 2207 tractamus.

164 2243 220 2302 sed
233 2243 300 2301 nol'o
312 2243 455 2318 terrearis,
473 2243 497 2302 0
510 2243 606 2303 fidelis
619 2243 742 2303 auditor.
784 2244 875 2301 Paulo
887 2245 961 2319 post,
976 2242 1067 2302 istum

163 2360 250 2419 quem
277 2340 359 2399 audis
387 2345 543 2414 mortuum,
571 2361 687 2399 rursum
718 2339 908 2398 immortalem
933 2338 1066 2412 videbis3

142 2456 238 2496 'mors
258 2435 335 2494 enim
355 2437 390 2495 ab
404 2437 447 2494 Eo
466 2440 588 2495 mortem
608 2435 766 2512 spoliatura
784 2434 949 2511 suscipitur.
989 2434 1067 2492 Nam

163 2537 376 2591 sacramentum
394 2531 470 2591 illud
490 2535 630 2608 susceptae
651 2530 752 2604 camis,
776 2530 853 2607 quod
873 2548 960 2605 supra
979 2549 1069 2606 expo·

163 2627 283 2701 suimus,
298 2628 373 2686 hane
392 2627 482 2686 habet
501 2645 625 2699 causam,
640 2628 675 2684 ut
695 2624 795 2683 divina
813 2624 869 2683 filii
889 2624 946 2683 Dei
962 2624 1066 2699 virtus,

162 2722 245 2782 velut
266 2723 369 2780 hamus
391 2721 508 2799 quidam
527 2721 632 2780 habitu
651 2721 786 2779 humanae
810 2718 904 2779 carnis
925 2721 1066 2796 obtectus,

162 2821 192 2876 et
213 2817 302 2896 (sicut
321 2817 478 2893 Apostolus
497 2817 608 2875 Paulus
631 2819 698 2875 ante
718 2815 808 2892 dixit)
824 2816 923 2875 babitu
942 2817 1067 2876 incantus

161 2917 194 2972 at
211 2912 473 2990 tcmo,p1incipem
491 2912 594 2970 mundi
614 2911 738 2972 invitare
757 2911 848 2989 possit
867 2912 904 2969 ad
923 2932 1065 2987 agonem:

162 3008 211 3066 oui
224 3009 293 3085 Ipse
313 3029 428 3067 carnem
448 3028 529 3066 suam
541 3008 625 3068 velut
645 3027 738 3066 eseam
757 3008 882 3080 tradens,
896 3007 981 3064 hamo
1000 3026 1068 3065 eum

162 3103 311 3163 Divinitas
337 3103 511 3163 intrinsecus
533 3106 647 3162 teneret
672 3102 813 3162 inscitum
840 3121 878 3160 ex
903 3102 1069 3178 profusione

160 3201 340 3261 immaculati
353 3201 510 3277 sanguinis.
547 3200 632 3259 Solus
645 3200 722 3258 enim
736 3199 787 3276 qui
800 3198 912 3275 peccati
924 3199 1067 3256 maculem

72 3336 78 3345 ·
153 3298 252 3358 nescit
278 3298 406 3357 omnium
432 3300 549 3375 peccata
576 3297 693 3370 delevit,
720 3315 819 3354 eorum
845 3296 990 3355 duntaxat
1013 3295 1066 3372 qui

61 3340 97 3552 Ι
135 3390 289 3464 sanguine
309 3393 377 3472 ejus
392 3396 495 3472 postes
508 3391 580 3453 fidei
600 3410 659 3452 suae
680 3391 849 3469 signassent.
892 3389 975 3449 Sicut
995 3408 1064 3465 ergo
