2356 3780
389 233 473 274 smus
492 231 591 274 aaron
610 232 778 276 sumansu.
996 217 1031 271 35

176 405 264 465 Pater
276 425 294 464 a
306 404 387 464 nullo
401 409 446 464 est
459 405 563 479 factus,
576 423 628 463 neo
642 407 762 476 creatus,
778 422 831 463 neo
845 401 969 479 genitus.

175 499 271 558 Filius
288 519 305 559 a
320 501 406 560 Patre
422 501 482 560 solo
504 502 557 568 est,
578 519 636 559 non
653 499 757 571 iactus,
770 519 824 559 neo
842 501 964 567 oreatus,
985 495 1035 555 sed

138 596 262 672 genitus.
568 598 570 601 ’

178 689 303 768 Spiritus
325 689 447 750 Sanctus
470 711 488 751 s
508 692 594 750 Patre
615 693 646 750 et
668 690 753 763 Filio,
777 711 836 750 non
859 691 962 764 factus,
981 706 1035 746 nec

138 794 258 860 creatus,
272 804 326 845 nec
338 787 454 862 genitus
468 791 520 862 est,
536 788 587 847 sed
599 787 763 863 procedens.

177 886 260 945 Unus
275 902 343 958 ergo
360 884 456 959 Pater,
468 904 527 943 non
549 887 608 944 tres
622 884 739 956 Pstres3
761 903 838 943 unus
853 884 956 958 Filius,
977 902 1036 941 non

138 984 196 1040 tres
217 979 305 1053 Filii3
333 1000 410 1041 unus
432 980 559 1059 Spiritus
585 980 717 1048 Sanctus,
741 978 798 1039 non
824 984 883 1040 tres
910 979 1037 1057 Spiritus

139 1076 247 1136 Sancti.

178 1175 217 1232 Et
238 1173 270 1230 in
289 1173 343 1232 hoo
362 1173 506 1234 Trinitnte
525 1173 601 1231 nihil
621 1173 702 1250 prius
720 1177 772 1234 sut
788 1173 939 1250 posterius,
960 1172 1037 1230 nihil

45 1312 47 1315 .
139 1269 232 1346 majus
247 1268 418 1344 autminus,
435 1269 485 1328 sed
502 1273 572 1328 totae
590 1273 649 1328 tres
665 1269 797 1329 Personae
811 1272 960 1328 ooaetemae
981 1266 1037 1325 sibi

20 1390 24 1404 ·
139 1368 215 1438 sumt,
232 1368 262 1424 et
275 1365 442 1442 coaequsies.

177 1461 227 1519 Ita
246 1466 282 1520 ut
304 1481 356 1538 per
379 1463 483 1534 omnia,
505 1463 580 1522 siout
594 1462 657 1539 jum
680 1482 767 1539 supra
792 1462 903 1522 dictum
929 1465 982 1534 est,
1008 1470 1038 1519 et

139 1556 244 1615 Unitas
265 1556 298 1614 in
320 1556 471 1633 Trinitate,
492 1562 522 1618 et
541 1558 669 1619 Trinitas
685 1557 718 1616 in
738 1558 859 1618 Unitate
876 1557 1038 1618 veneranda

139 1653 187 1711 sit.

67 1766 72 1774 ·
179 1748 236 1814 Qui
250 1749 315 1808 vult
328 1768 394 1825 ergo
408 1749 505 1809 salvus
517 1767 586 1824 esse,
601 1749 644 1809 its
656 1751 692 1810 de
705 1750 848 1810 Trinitnte
862 1750 978 1810 sentiat.

75 1997 78 2003 ,
180 1939 206 1992 3.
230 1933 287 1992 Sed
306 1933 499 1993 necessarium
519 1938 563 1994 est
580 1935 617 1994 sd
633 1940 770 1996 aeternam
790 1938 922 2009 salutem
938 1940 971 1995 ut
985 1937 1037 1994 In-

139 2030 333 2091 camationem
346 2050 461 2107 quoqne
473 2031 592 2090 Domini
604 2034 696 2092 nostri
707 2035 727 2094 J
728 2054 779 2093 esu
793 2033 1038 2105 christifideliter

49 2144 52 2154 ·
138 2127 243 2185 credat.

177 2223 233 2282 Est
255 2243 323 2300 ergo
347 2223 433 2281 Fides
456 2226 542 2296 recta,
561 2227 598 2283 ut
621 2226 769 2284 credamus
790 2229 821 2284 et
842 2226 1036 2293 confiteamur,
1127 2227 1169 2260 ’θ’

139 2320 207 2396 quis
222 2319 365 2378 Dominus
382 2322 479 2377 noster
498 2319 583 2378 Jesus
603 2320 743 2394 Christus,
763 2321 819 2379 Dei
838 2320 943 2390 Filius,
957 2320 1037 2377 Deus
1061 2383 1098 2417 ‘fh
1161 2344 1165 2353 .

137 2416 288 2490 peniteret
303 2415 400 2474 Homo
414 2418 467 2473 est.

178 2513 258 2573 Deus
277 2516 377 2572 estex
396 2511 556 2571 substantia
575 2512 671 2570 Patris
689 2515 756 2571 ante
776 2512 881 2572 saeoula
900 2511 1034 2588 genitus:

139 2611 233 2669 Homo
247 2629 285 2668 ex
298 2605 460 2668 substantia
472 2607 577 2666 Matris
589 2607 622 2664 in
635 2607 739 2666 saeculo
751 2612 845 2667 natus.

179 2705 327 2764 Perfectus
346 2704 435 2776 Deus,
451 2703 596 2779 perfectus
610 2703 708 2762 Homo
728 2722 766 2762 ex
786 2705 883 2763 anima
901 2705 1036 2764 rationali

121 2788 126 2791 ¹
139 2802 169 2857 et
180 2800 307 2859 humana
319 2819 403 2859 carne
417 2798 585 2858 subsistens.

178 2895 313 2972 AEquulis
336 2895 417 2955 Patri
435 2896 592 2954 secundum
611 2895 823 2957 Divinitatem:
845 2897 938 2956 minor
951 2898 1036 2957 Patre

139 2992 297 3049 secundum
310 2991 540 3050 Humanitatem.

178 3086 235 3152 Qui
249 3086 319 3146 licet
330 3088 411 3147 Deus
424 3088 463 3147 sit
477 3092 506 3147 et
519 3089 624 3164 Homo,
635 3107 693 3147 non
707 3089 763 3148 duo
776 3093 883 3164 tamen,
900 3091 949 3149 sed
962 3111 1037 3150 unus

138 3188 182 3242 est
196 3183 335 3242 Christus.

177 3281 261 3340 Unus
276 3283 383 3350 autem,
396 3300 453 3339 non
475 3281 659 3339 conversione
677 3281 848 3344 Divinitatis
866 3284 899 3344 in
912 3304 1035 3354 carnem,

139 3379 189 3436 sed
201 3376 401 3452 adsumptione
415 3376 616 3437 Humanitatis
629 3376 663 3436 in
673 3377 786 3440 Deum.
