2356 3780
324 225 399 284 mm
421 223 577 264 commun
597 224 848 266 ααιιοοοονωαςα.
995 212 1030 266 21
1058 226 1061 230 ·

138 393 278 464 αχθέντων·
309 397 410 466 κρατεῖν
430 395 458 448 δέ
479 395 520 448 καί
540 396 571 449 τὰ
592 396 661 467 παρὰ
680 401 732 451 τῶν
750 396 797 468 ρν’Ι
811 391 891 470 ἁγίων
911 398 1033 470 Πατέρων

134 493 162 548 έν
176 495 445 548 Κωνσταντινουπὸλει
458 491 604 564 ὁρισθέντα,
618 493 683 565 πρὸς
700 493 832 567 ἀναίρεσιν
849 497 896 566 μέν
911 502 963 550 τῶν
975 499 1033 551 τότε

134 592 253 660 φυεισῶν
275 587 409 660 αίρέσεων,
431 587 579 655 βεβαίωσιν
605 590 634 643 δὲ
657 591 702 658 τῆς
725 591 802 660 αὐτῆς
828 592 965 661 καθολικῆς
993 596 1033 647 καί

134 686 310 754 ἀποστολικῆς
330 684 400 754 ἡμῶν
420 684 543 739 πίστεως.
587 677 661 758 [Hie
685 686 847 758 sequuntur
870 685 927 742 duo
950 685 1034 743 Fidei

135 776 281 856 Symbola,
302 776 455 836 Nieaenum
476 780 506 834 et
527 775 704 856 OPtanum.]
739 780 835 855 ’Ἤρκει
858 785 906 854 μὲν
929 782 975 839 οὖν
997 785 1034 841 εἷς

136 880 226 951 ε’ντελίη
239 881 285 948 τῆς
305 881 440 947 εὐσεβείας
461 877 602 948 ε’πίγνωσίν
619 900 648 932 τε
668 880 709 933 καὶ
729 881 876 945 βεβαίωσιν
893 883 924 936 τὸ
946 883 1034 953 σοφὸν

135 978 177 1032 καί
191 974 319 1048 σωτηριον
332 979 408 1030 τοῦτο
427 976 473 1043 τῆς
491 973 561 1030 θείας
578 975 684 1046 χάριτος
703 974 853 1047 σύμβολον·Ι
870 979 930 1049 περί
941 1000 970 1031 τε
983 980 1033 1050 γὰρ

134 1077 181 1128 τοῦ
194 1077 296 1145 Πατρὸς
310 1076 352 1129 καὶ
363 1077 410 1128 τοῦ
424 1074 486 1127 Υῖοῦ
501 1073 542 1128 καί
560 1075 606 1127 τοῦ
618 1070 709 1145 Ἀγίου
727 1070 876 1143 Πνεύματος
889 1076 1034 1130 ἐκδιδάσκει

134 1172 165 1226 τὸ
188 1172 299 1235 τέλειον,
323 1171 365 1225 καὶ
387 1174 433 1227 τοῦ
455 1171 551 1242 Κυρίου
574 1169 620 1239 τὴν
643 1169 836 1242 ε’νανθρώπησιν
858 1174 912 1228 τοῖς
934 1179 1034 1228 πιστῶς

135 1266 283 1338 δεχομένοις
309 1268 477 1340 παρίστησιν.
523 1267 598 1322 Ἀλλ’
627 1267 763 1340 ἐπειδήπερ
791 1269 815 1321 οί
841 1272 886 1338 τῆς
912 1268 1034 1337 ἀληθείας

134 1361 235 1418 ἀθετεῖν
254 1366 441 1437 ἐπιχειροῦντες
464 1366 495 1419 τὸ
513 1363 630 1438 κηρυγμα
652 1366 694 1420 διὰ
707 1364 768 1420 Ιτιῖιν
789 1365 889 1419 οἰκείων
909 1366 1034 1437 αἱρέσεων

135 1462 181 1516 τὰς
210 1483 251 1515 ενο
276 1463 350 1518 ωνίας
368 1463 500 1547 ἀπέτεκον,
514 1465 540 1518 οί
559 1465 606 1533 μέν
624 1463 654 1517 τὸ
674 1465 719 1533 τῆς
739 1463 771 1517 δι’
786 1462 851 1532 ἡμᾶς
870 1467 917 1516 τοῦ
940 1466 1034 1535 Κυρίου

135 1556 280 1627 οἰκονομίας
299 1537 442 1632 μυστήριον
460 1558 649 1632 παραφθείρειν
668 1563 822 1630 τολμῶντες,
841 1562 883 1614 καί
902 1559 948 1629 τὴν
968 1567 1033 1613 θεο-

134 1655 210 1709 τόκον
227 1655 269 1710 ε’πί
286 1658 331 1726 τῆς
345 1656 481 1729 Παρθένου
499 1658 589 1728 φωνὴν
607 1655 801 1729 ἀπαρνούμενοι,
816 1659 841 1711 οί
855 1657 882 1711 δέ
903 1656 1036 1728 σύγχυσιν

135 1754 178 1807 καὶ
196 1754 289 1825 κρᾶσιν
305 1754 463 1826 εἰσάγοντες,
483 1757 524 1810 καί
543 1757 604 1825 μίαν
624 1750 688 1810 εἰναι
700 1754 793 1827 ’φύσιν
813 1757 858 1824 τῆς
879 1757 975 1826 σαρκδς
994 1757 1035 1809 καί

135 1851 181 1919 τῆς
194 1851 322 1918 θεότητος
337 1850 451 1922 ἀνοήτως
468 1853 738 1915 ἀναπλάττοντες,καί
757 1850 873 1920 παθητὴν
888 1855 933 1905 τοῦ
948 1860 1034 1904 Μονο-

134 1949 226 2018 γενοῦς
238 1947 285 2015 τὴν
298 1943 369 2002 θείαν
386 1946 470 2021 φύσιν
485 1971 516 2019 τη
535 1947 665 2021 συγχύσει
682 1951 883 2033 οἷμον-τενὰηι-ενοι,
897 1949 940 2003 διὰ
959 1952 1036 2002 τοῦτο

135 2046 223 2098 πᾶσαν
240 2043 327 2101 αὐτοῖς
343 2046 499 2101 ἀποκλεῖσαι
518 2050 582 2101 κατὰ
600 2031 646 2115 τῆς
663 2045 785 2114 ἀληθείας
804 2028 920 2116 μηχανὴν
936 2046 1034 2112 βουλο-

135 2140 197 2209 μένη
211 2138 226 2208 ἡ
241 2144 362 2211 παροῦσα
380 2145 424 2196 νῦν
444 2139 508 2211 αὕτη
525 2143 587 2214 ἁγία
603 2144 703 2216 μεγάλη
717 2143 759 2198 καί
777 2142 936 2211 οἰκουμενικίη
957 2141 1034 2196 Σύνο·

136 2236 190 2303 δος,
216 2237 246 2290 τδ
273 2240 320 2292 τοῦ
348 2234 510 2312 κηρύγματος
539 2238 636 2293 ἀνωθεν
663 2239 809 2294 ἀσάλευτον
835 2239 1034 2302 ἐκδιδάσκουσα,

136 2331 217 2413 ὥρισε
235 2335 442 2405 προηγουμένως,
462 2339 514 2389 τῶν
532 2334 687 2405 τριακοσίων
706 2336 834 2389 δεκαοκτὼ
852 2336 934 2405 ἁγίων
952 2337 1034 2389 Πατέ-

133 2450 187 2500 ρων
206 2429 360 2506 τηνηπίστιν
379 2414 464 2500 μένεινΙ
481 2418 709 2517 ἀπαρεγχείρητον,
728 2433 769 2485 καὶ
789 2431 831 2484 διὰ
854 2431 978 2499 μὲντοὺς
998 2436 1035 2506 τῷ

135 2525 266 2597 Πνεύροτι
286 2530 322 2602 τῷ
340 2515 423 2602 ’Ἃγίῳ
447 2508 685 2600 μαχομένουςρτὴμν
707 2529 810 2600 χρόνοις
833 2525 944 2598 ὕστερον
966 2528 1037 2599 παρὰ

135 2628 186 2677 τῶν
207 2624 248 2679 ε’πί
265 2626 310 2693 τῆς
327 2622 523 2694 βασιλευούσης
543 2626 643 2678 πόλεως
660 2610 841 2678 7συνελθόντων
862 2626 954 2681 ἑκατὸν
973 2645 1034 2678 πεν-

136 2718 244 2789 τήκοντα
256 2723 336 2795 ἁγίων
349 2724 474 2795 Ποτέρων
485 2722 546 2795 περὶ
562 2723 607 2789 τῆς
625 2724 671 2775 τοῦ
688 2718 836 2790 Πνεύματος
849 2721 941 2777 οὐσίας
953 2742 1033 2791 παρα-

127 2821 259 2878 ·δοθεῖσαν
277 2823 448 2879 διδασκαλίαν
464 2827 545 2895 κυροῖ,
562 2820 592 2892 ἣν
604 2823 695 2877 ε’κεῖνοι
712 2823 767 2877 τοῖς
783 2823 865 2876 πᾶσιν
883 2822 1035 2894 ἐγνώρισαν,

136 2919 182 2973 οὐκ
196 2919 230 2977 ὥς
241 2940 267 2975 τι
279 2922 372 2977 λεῖπον
386 2927 441 2979 τοῖς
457 2924 641 2995 προλαβοῦσιν
661 2919 808 2992 ε’πάγοντες,
822 2919 893 2974 ἀλλὰ
912 2919 959 2988 τὴν
975 2923 1037 2989 περὶ

136 3026 183 3077 τοῦ
205 3021 297 3095 Ἀγίου
322 3022 472 3096 Πνεύματος
495 3025 579 3080 αἰτίαν
602 3024 701 3078 ἔννοιαν
724 3022 789 3078 κατὰ
811 3027 863 3075 τῶν
885 3021 932 3090 τὴν
958 3022 1036 3076 αὐτοῦ

137 3119 291 3174 δεσποτείαν
310 3120 410 3178 ἀθετεῖν
431 3120 595 3196 πειρωμένων
613 3121 754 3192 γραφικοῖς
772 3117 922 3190 μαρτυρίαις
938 3121 1033 3197 τρμνῲ·
1053 3158 1056 3165 -
1076 3130 1112 3176 ἐκ
1163 3164 1166 3171 ,

62 3249 65 3253 Δ
137 3237 238 3272 σαντες.
281 3217 330 3271 Διὰ
352 3220 381 3273 δὲ
403 3218 464 3276 τοὺς
486 3219 583 3285 τὸτῆς
606 3217 753 3315 Q
770 3215 958 3288 ποραφθείρειν
980 3216 1035 3270 ε’πι-

136 3316 288 3386 χειροῦντος
307 3314 465 3388 μυστήριον,
492 3316 534 3369 καὶ
564 3314 649 3387 ψιλὸν
678 3311 813 3386 ἀνθρωπον
843 3307 907 3367 εἰναι
937 3313 983 3368 τδν
1009 3312 1039 3365 εἰε

135 3412 181 3481 τῆς
204 3412 279 3483 ἁγίας
301 3410 425 3484 τεχθέντα
449 3411 550 3486 Μαρίας
579 3411 688 3470 ἀνοιδῖος
709 3411 918 3493 ληρωδυῑιυτας,
939 3407 992 3458 ’ὡς
1013 3405 1067 3450 τῶ
