2356 3780
421 238 589 282 οκοςυιιοοις
607 239 729 286 omn.
986 225 1027 280 59

126 409 239 483 χάραττε
259 409 319 467 τοὺς
341 408 462 482 δεσμούς.
505 413 554 468 Καὶ
576 415 622 482 τῆς
642 412 689 482 μέν
709 413 820 468 πυλαίας
837 409 965 480 διαθήκης,
990 411 1025 468 ῶς

126 503 232 578 εἴρηται,
243 508 290 564 τὰς
303 505 387 562 ε’ίκοσι
400 507 446 564 δύο
459 511 556 580 μελέτα
567 509 689 575 βίβλους·
711 507 750 575 ἀς,
763 508 786 563 εί
799 506 949 581 φιλομαθὴς
961 529 1024 580 τυγ-

125 604 221 674 χάνεις,
236 603 298 674 ἐμοῦ
318 606 451 678 λέγοντος,
468 606 594 676 ὀνομαστὶ
607 604 752 676 μεμνῆσθαι
773 603 933 661 σπούδασον.
973 607 1026 659 Τοῦ

128 701 205 768 νόμου
217 700 265 771 μέν
276 701 327 773 γάρ
341 701 408 758 τίσιν
421 703 448 756 αί
468 700 585 761 Μωσέως
597 708 696 775 πρῶται
708 699 784 757 πέντε
797 703 898 768 βίβλοι,
912 699 1026 767 Γένεσις,

121 793 242 863 Ἐξοδος,
263 800 403 866 Λευιτικὸν,
422 794 550 872 ’Δριθμολ
567 801 774 873 Δευτερονόμιον·
794 788 859 870 ίξῆς
871 800 908 869 δέ,
923 797 1027 868 Ἰησοῦς

128 894 183 950 υίὸς
196 896 278 964 Ναυῆ,
292 896 332 950 καὶ
352 898 383 951 τδ
398 900 450 950 τῶν
465 901 568 968 Κριτών
586 898 651 968 μετὰ
665 898 711 967 τῆς
722 895 798 951 Ῥούθ
816 897 935 963 βιβλίον,
948 894 1025 960 ἕβδο-

127 1013 176 1060 μον
189 990 383 1063 ἀριθμούμενον.
410 997 466 1048 Τῶν
477 994 505 1048 δέ
518 996 617 1050 λοιπῶν
630 996 766 1066 ἱστορικῶν
775 995 898 1059 βιβλίων,
909 991 924 1062 ἡ
937 992 1026 1065 πρώτη

129 1088 170 1142 καὶ
183 1088 198 1157 ἡ
212 1089 318 1162 δευτέρα
333 1094 385 1144 τῶν
398 1092 543 1146 Βασιλείων
559 1092 606 1161 μία
620 1089 681 1163 παρ’
696 1089 829 1163 Ἐβραίοις
847 1091 905 1146 ἐστὶ
919 1091 1025 1156 βίβλοι·

127 1186 173 1255 μία
190 1186 227 1248 δέ,
247 1187 288 1241 καὶ
304 1186 319 1256 ἡ
337 1187 414 1259 τρίτη
432 1189 473 1242 καί
491 1187 506 1258 ἡ
527 1189 646 1259 τετάρτη.
686 1187 797 1258 Ὁμοίως
816 1188 845 1242 δέ
857 1186 918 1258 παρ’
940 1186 1026 1243 αὐτοῖς

128 1282 170 1335 καὶ
184 1286 234 1335 τῶν
247 1284 480 1353 Παραλειπομένων
499 1282 515 1353 ἡ
533 1286 622 1358 πρώτη
640 1285 681 1338 καὶ
699 1282 714 1352 ίη
728 1283 834 1355 δευτέρα
846 1284 892 1353 μία
904 1283 1027 1355 τυγχάνει

127 1377 232 1440 βίβλος·
254 1379 296 1432 καὶ
313 1381 360 1432 τοῦ
373 1375 506 1452 ’Ἕσδραῆ
523 1382 612 1454 πρώτη
626 1381 668 1434 καί
686 1379 701 1450 ἡ
716 1378 822 1452 δευτέρα
841 1381 1024 1451 μίαλελόγισ-

129 1495 179 1528 ται·
200 1475 330 1544 δωδεκάτη
345 1476 444 1541 βίβλος
461 1475 477 1546 ἡ
496 1474 607 1549 Ἐσθὴρ.
639 1477 687 1532 Καὶ
700 1478 733 1531 τὰ
745 1477 792 1546 μίν
806 1476 924 1546 ίστορικά
936 1478 1025 1530 ταῦτα.

129 1572 166 1624 Τά
180 1570 208 1625 δέ
225 1573 336 1644 στιχηρά
352 1573 474 1644 τυγχάνει
488 1572 573 1628 πέντε·
592 1572 664 1641 Ἰώβ,
678 1573 719 1627 καὶ
734 1573 832 1639 βίβλος
849 1575 971 1641 Ψαλμῶν,
985 1571 1028 1625 καὶ

131 1669 278 1741 Παροιμίαι,
296 1669 338 1724 καὶ
354 1666 571 1740 Ἐκκλησιαστὴς,
590 1666 741 1739 καὶἈισμο
759 1667 892 1740 ᾀσμάτων,
907 1670 1026 1724 ἑπτακαι-

129 1766 234 1821 δίκατον
249 1766 366 1833 βιβλίον.
404 1767 466 1824 Ἐπί
484 1768 513 1823 δέ
532 1766 632 1825 τούτοις
651 1770 684 1822 τά
704 1767 853 1840 προφητικά
870 1768 956 1822 πέντε·
976 1769 1029 1821 τῶν

130 1863 227 1918 δώδεκα
247 1865 390 1936 προφητῶν
405 1864 452 1935 μία
469 1865 577 1932 βίβλος,
592 1867 632 1920 καὶ
644 1859 759 1919 Ἠσαίου
778 1863 835 1934 μία,
851 1867 892 1918 καὶ
905 1863 1029 1935 Ἰερεμίου

129 1958 175 2024 μία
193 1958 258 2027 μετὰ
276 1958 379 2030 Βοροὺχ
396 1961 438 2014 καὶ
458 1956 564 2031 Θρίηνων
582 1959 624 2013 καὶ
641 1958 810 2030 Ἐπιστολῆς,
825 1954 879 2015 είτα
894 1957 1026 2030 Ἰεζεκιίηλ.

130 2055 170 2108 καί
180 2053 195 2122 ἡ
206 2059 252 2108 τοῦ
264 2054 370 2124 Δανιὴλ,
382 2055 594 2128 είκοστηδευτέρα
603 2050 704 2121 βίβλος
714 2057 759 2125 τῆς
772 2058 884 2112 παλαιῶς
898 2054 1026 2124 διαθήκης.

125 2130 128 2139 Ι
170 2150 216 2204 36.
227 2153 283 2219 ’Τῆς
301 2151 329 2204 δέ
348 2154 433 2221 καινῆς
454 2151 584 2222 διαθηκης,
604 2153 637 2206 τὰ
656 2152 775 2223 τέσσαρα
794 2155 860 2222 μόνα
881 2150 1029 2224 εάαγγελία·

129 2248 162 2301 τέι
180 2247 208 2301 δέ
225 2249 306 2303 λοιπά
324 2248 527 2323 ψευδεπίγραφά
543 2249 584 2303 καί
600 2250 723 2321 βλαβερὰ
738 2249 868 2322 τυγχάνει·
886 2244 1030 2319 Ἐγραηίιαν

130 2444 236 2514 γελικῆς
254 2439 437 2513 προσωνυμίας
461 2441 693 2512 ἐπικεχρωσμένον,
712 2441 858 2513 διαφθείρει
876 2443 921 2497 τὰς
938 2441 1030 2514 ψυχάς
1127 2514 1130 2525 Δ

132 2543 183 2592 τῶν
203 2538 398 2609 ἀπλουστέρων.
440 2535 525 2607 Δίχου
549 2537 577 2592 δέ
601 2539 642 2592 καὶ
663 2539 708 2594 τάς
729 2538 841 2610 Πράξεις
862 2543 913 2592 τῶν
932 2536 1030 2591 δώδεκα

132 2633 295 2688 ἀποστόλων·
316 2635 380 2705 πρὸς
393 2629 493 2690 τούτοις
506 2633 534 2687 δέ
554 2635 595 2688 καὶ
611 2634 656 2690 τάς
672 2636 745 2694 ἐπτά,
758 2634 891 2699 Ἰακώβου,
906 2634 947 2687 καὶ
961 2632 1029 2687 Πέτ-

131 2751 189 2801 ρου,
203 2726 331 2795 Ἰωάννου,
345 2732 386 2784 καὶ
401 2728 495 2794 Ἰούδα,
509 2730 646 2789 καθολικῶς
660 2732 808 2788 ἐπιστολάς·
830 2731 1031 2803 ἐπισφράγισμο

133 2830 160 2883 δέ
173 2833 224 2883 τῶν
239 2830 350 2893 πάντων,
364 2829 405 2883 καί
422 2829 542 2898 μαθητῶν
558 2831 588 2884 τὸ
605 2831 760 2892 τελευταῖον,
774 2829 820 2884 τὰς
834 2825 941 2881 Παύλου
957 2827 1031 2880 δεκα·

132 2924 262 2997 τέσσαρας
276 2926 423 2982 ἐπιστολάς.
464 2928 502 2980 Τά
516 2927 544 2981 δέ
561 2927 642 2980 λοιπά
659 2927 741 2981 πάντα
758 2924 809 2992 ἔξω
823 2923 918 2979 κείσθω
932 2924 960 2977 έν
973 2923 1030 2978 δευ·

131 3023 206 3095 τέρῳ.
249 3022 297 3076 Καὶ
319 3021 370 3077 ὅσα
390 3025 437 3092 μέν
458 3024 485 3078 ἐν
506 3025 654 3092 ἐκκλησίαις
671 3024 705 3093 μὴ
727 3021 936 3095 ἀναγινώσκεται,
952 3025 1032 3075 ταῦτα

131 3119 195 3188 μηδέ
209 3120 272 3174 κατὰ
290 3121 386 3174 σαυτὸν
404 3120 572 3194 ἀναγίνωσκε,
587 3120 668 3177 καθώς
686 3123 809 3190 ἤκουσας.
851 3121 899 3174 Καί
912 3119 972 3191 περὶ
984 3119 1032 3188 μέν

133 3215 230 3271 τούτων
242 3220 331 3273 ταῦτα.

175 3308 222 3366 37.
244 3315 326 3386 Φεῶγε
347 3312 375 3366 δέ
397 3314 485 3367 πᾶσαν
504 3312 655 3382 διαβολικηυ
672 3311 808 3385 ἐνέργειαν,
824 3311 866 3365 καὶ
886 3311 920 3382 μὴ
941 3308 1034 3367 πείθου

134 3412 171 3484 τῷ
194 3410 311 3483 δράκοντι
332 3414 368 3486 τῷ
390 3408 534 3480 ἀποστάτῃ,
554 3408 582 3466 ὃς
603 3408 632 3479 ἐξ
653 3408 750 3485 ἀγαθῆς
766 3410 944 3465 ὑποστάσεως
963 3408 1045 3458 αὐτα-
1090 3427 1094 3432 ·
