2356 3780
424 229 596 272 omem
616 229 739 275 οαιαακ.
925 278 927 283 ,
997 224 1037 280 55

134 416 280 490 βρωμάτων
291 415 364 490 λόγῳ
381 417 457 468 τινῶν
474 410 490 484 ἡ
507 414 584 486 ψυχὴ
604 412 752 484 μολύνεται,
766 413 928 488 ἀγνοούντων
947 423 994 475 τοῦ
1006 442 1036 478 τε

135 513 233 569 ε’σθίειν
246 513 288 567 καί
300 511 335 583 μὴ
348 512 395 570 τάς
413 511 559 584 ε’πωφελιῖς
574 511 666 568 αι’τίας.
709 509 876 583 Νηστεύομεν
888 515 949 588 γάρ,
963 511 1035 573 οἴνου

134 633 164 667 τε
177 611 219 666 καί
232 614 313 682 κρεῶν
324 610 488 682 ἀπεχόμενοι,
502 609 552 679 οὐχ
564 607 600 666 ίις
620 606 789 682 βδελύγματα
802 613 947 682 μισοῦντες,
963 610 1037 668 ἀλλά

134 709 180 763 τόν
202 705 298 778 μισθὸν
320 707 525 779 προσδοκῶντες,
552 702 594 760 ’ίνα
616 705 748 775 αι’σθητῶν
768 705 943 778 ὑπεριδόντες,
969 709 1035 765 ἀπο·

135 802 275 874 λαόσωμεν
300 805 470 874 πνευματικῆς
496 802 538 857 καὶ
564 804 656 872 νοητῆς
688 803 822 874 τραπέζης,
852 805 894 860 καὶ
920 801 961 860 ίνα
991 809 1037 861 νῦν

135 901 289 974 σπείραντες
306 901 334 957 έν
347 901 481 970 δάκρυσιν,
496 899 524 952 έν
539 898 697 972 ἀγαλλιάσει
716 897 861 972 θερίσομεν
879 901 907 956 έν
921 907 958 978 τῷ
970 902 1035 972 μελ-

135 999 209 1053 λοντι
228 997 309 1053 αίῶνι.
352 997 395 1067 Μὴ
413 995 500 1051 τοίνυν
519 997 677 1068 καταφρόνει
694 999 746 1051 τῶν
769 995 910 1051 ἐσθιόντων
930 1000 972 1054 καί
992 999 1035 1054 διὰ

136 1095 183 1164 τὴν
200 1098 327 1165 σωμάτων
344 1092 480 1149 ἀσθένειαν
497 1093 757 1163 μεταλαμβανόντων.
797 1093 871 1162 Μηδὲ
889 1093 959 1167 ψέγε
975 1096 1036 1152 τούς

136 1191 220 1266 ἀλίγιρ
245 1188 306 1266 οίνφ
332 1189 481 1263 χρωμένους
503 1190 546 1244 διδ
567 1190 613 1244 τόν
639 1192 775 1262 στόμαχον
801 1192 844 1246 καί
869 1192 915 1248 τὰς
940 1193 1036 1250 πυκνάς

137 1287 281 1345 ἀσθενείας·
301 1288 343 1343 καί
355 1286 420 1357 μήτε
432 1285 525 1343 αὐταύς
537 1286 572 1343 ὣς
585 1285 755 1359 άμαρτωλούς
767 1288 927 1359 κατακρίνης.
964 1287 1038 1357 Μήτε

137 1385 174 1440 ῶς
199 1384 326 1456 ἀλλότρια
351 1383 425 1454 μίσει
451 1384 484 1438 τά
510 1381 580 1456 κρέα·
609 1379 664 1438 οἶδε
689 1385 741 1457 γὰρ
768 1385 839 1441 τινάς
866 1381 999 1440 τοιούτους
1022 1387 1038 1438 ὁ

138 1479 304 1538 Ἀπόστολος
323 1479 417 1554 λέγων,
439 1482 457 1508 “
468 1483 627 1535 Κωλυόντων
644 1483 743 1552 γαμεῖν,
762 1480 907 1552 ἀπέχεσθαι
929 1483 1037 1554 βρωμά-

137 1599 199 1643 των,
216 1575 233 1632 δ
251 1581 266 1632 ὁ
284 1579 351 1636 Θεὸς
370 1578 474 1631 ἔκτισεν
491 1577 527 1635 είς
546 1578 698 1651 μετάληψιν
713 1578 778 1649 μετὰ
792 1578 960 1650 εὐχαριστίας
981 1582 1036 1637 τοῖς

136 1670 269 1731 πιστοίς.”
311 1672 485 1746 Ἀπεχόμενος
504 1673 591 1730 τοίνυν
603 1676 710 1740 τούτων,
724 1676 759 1746 μη
773 1675 808 1734 ῶς
820 1677 971 1742 βδελυκτῶν
984 1674 1034 1732 ἀπ·

137 1793 209 1843 εχου,
224 1773 280 1827 ε’πεὶ
292 1772 390 1841 μισθὸν
402 1771 451 1844 οὐχ
461 1771 540 1842 ἔχεις,
559 1771 619 1827 ἀλλ’
634 1774 669 1830 ῶς
682 1775 769 1828 καλῶν
786 1771 866 1828 ὄντων
878 1773 1036 1846 ὑπερφρόνει

136 1869 180 1924 διά
192 1871 225 1925 τά
237 1871 392 1941 προκείμενα
406 1870 484 1939 νοητά
497 1869 632 1925 καλλίονα.

177 1965 226 2021 28.
248 1966 416 2039 ’Δσφάλισαί
437 1989 488 2023 σου
508 1967 555 2036 τὴν
573 1966 675 2039 ψυχὴν,
692 1965 728 2036 μὴ
750 1965 816 2021 ποτέ
833 1987 859 2021 τι
876 1967 965 2038 φάγης
984 1970 1036 2020 τῶν

136 2066 190 2120 τοῖς
204 2063 320 2122 είδάνλοις
332 2063 569 2137 προσενεχθέντων.
610 2066 676 2136 Περὶ
688 2065 740 2136 γάρ
753 2061 851 2117 τούτων
863 2069 914 2117 τῶν
926 2063 1034 2135 βρωμά-

136 2179 188 2213 των
205 2160 251 2214 οὐκ
270 2161 327 2230 ίμοί
347 2165 392 2216 νῦν
411 2162 499 2231 μόνον,
512 2158 573 2215 ἀλλ’
587 2162 635 2230 ἤδη
654 2162 696 2216 καὶ
716 2164 770 2217 τοῖς
790 2157 972 2223 Ἀπόστολοις,
994 2160 1035 2214 καί

137 2253 262 2331 Ἰακώβῳ,
276 2260 312 2332 τῷ
326 2256 419 2326 ταότης
436 2261 482 2327 τῆς
499 2257 638 2327 ἐκκλησίας
658 2259 802 2332 έπισκόπην,
817 2257 919 2326 σπουδὴ
933 2257 1035 2329 γέγονε·

136 2357 178 2411 καί
191 2355 342 2427 γράφουσιν
361 2355 387 2409 οί
405 2353 566 2409 Ἀπόστολοι
587 2357 628 2410 καί
648 2357 674 2410 οί
693 2352 871 2426 πρεσβύτεραι
890 2356 958 2408 πᾶσι
981 2355 1036 2409 τοῖς

136 2451 224 2508 ἔθνεσι
238 2450 377 2521 καθολικὴν
396 2450 548 2520 ἐπιστολὴν,
562 2451 760 2522 προηγουμένως
772 2451 820 2520 μέν
829 2455 881 2504 τῶν
894 2446 1035 2503 είδωλαθύ-

136 2569 188 2603 των
199 2546 354 2621 ἀπέχεσθαι,
368 2551 458 2605 ἔπειτα
478 2548 506 2603 δέ
527 2549 568 2603 καί
585 2545 700 2619 αἵματος,
715 2549 758 2603 καί
775 2551 891 2603 πνικτοῦ.
931 2546 1036 2602 Πολλοί

136 2647 187 2718 γάρ
207 2650 258 2701 τῶν
278 2646 420 2720 ἀνθρώπων
439 2643 573 2717 θηριώδεις
588 2643 669 2713 ὄντες,
688 2645 730 2699 καί
747 2649 828 2698 κυνῶν
846 2643 918 2712 δίκην
934 2645 1034 2711 ζῶντες,

136 2745 167 2798 τί)
178 2743 226 2812 μίν
238 2738 300 2813 αίμα
313 2745 460 2798 λάπτουσιν
473 2741 638 2815 ἀγριωτάτων
656 2740 751 2813 θηρίων
763 2742 860 2812 τρόπον
872 2738 1033 2811 μιμούμεναι,

136 2840 169 2894 τά
181 2841 340 2912 πεπνιγμένα
358 2840 387 2894 δὲ
401 2838 585 2895 κατεσθίουσιν
597 2838 721 2911 ἀφειδῶς.
762 2838 798 2893 Σύ
812 2838 850 2899 δέ,
864 2838 938 2892 ότοῦ
951 2845 1033 2908 Χρισ·

135 2938 182 2991 τοῦ
196 2934 299 2998 δοῦλος,
313 2936 409 2992 έσθίων
424 2937 471 3008 ἔχε
488 2937 519 2991 τό
538 2934 593 3006 μετ’
607 2937 745 3001 εὐλαβείας
765 2933 872 2990 ε’σθίειν·
913 2935 963 2990 Καὶ
976 2936 1036 3007 περὶ

135 3034 184 3103 μέν
196 3031 341 3104 βρωμάτων
354 3033 495 3106 αὐτάρκως.

439 3200 511 3245 ΠΕΡΙ
529 3196 727 3244 ΕΝΔΤΜΑΤΟΣ.

176 3309 223 3362 29.
239 3304 366 3364 Ἐνδυσις
383 3308 413 3363 δέ
430 3330 475 3364 σοι
491 3307 551 3377 λιτὴ
565 3304 731 3379 περικείσθω,
749 3305 784 3375 μὴ
797 3305 863 3378 πρὸς
883 3305 1033 3359 καλλωπισ·

135 3407 194 3479 μάν,
210 3406 280 3461 ἀλλά
297 3407 362 3478 πρὸς
382 3405 519 3480 ἀναγκαίαν
537 3403 643 3476 σκέπην·
670 3405 734 3476 μηδὲ
751 3401 793 3460 ἵνα
811 3401 960 3475 Kwfflessss»
974 3397 1036 3454 οὐχ
1123 3484 1125 3489 Ι
