2356 3780
375 259 543 301 omem
562 259 682 306 ουιιιπι,
943 245 978 301 61

84 447 159 511 Θεδν,
181 447 254 513 ξῦον,
274 445 389 516 λογικὸν,
410 444 553 518 ἄφθαρτον,
573 445 616 500 διδ
635 445 681 502 τδν
699 449 779 500 ταῦτα
798 443 981 516 χαρισάμενον,

81 541 206 611 ε’ξουσίσν
219 542 283 614 ἔχον
291 543 375 597 ποιεῖν
387 539 404 596 δ
416 539 548 607 βούλεται.
588 543 693 615 οὐγὰρ
706 544 771 599 κατὰ
783 544 886 615 γένεσιν
899 543 981 612 ἁμαρ·
1000 542 1003 550 “

80 640 174 705 τάνεις,
187 641 247 693 οὔτε
260 638 323 694 κατά
343 635 424 710 τῦχην
442 636 583 712 πορνεόεις,
597 640 665 702 οὔτε,
679 639 762 696 καθίις
781 637 894 710 ληροῦσί
906 657 982 703 τινες,

73 730 111 790 ἀί
130 740 182 790 τῶν
199 734 305 808 ἄστρον
324 736 422 791 πλοκαῖ
441 738 497 792 ταῖς
517 735 667 808 ἀσελγείαις
687 758 719 791 σε
741 734 882 809 προσέχειν
902 731 980 804 ἀναγ-

84 832 201 899 κάζουσι.
242 830 274 886 Τί
293 830 399 905 φεῦγον
410 832 572 904 ὁμολογῆσαι
587 832 619 887 τό
633 835 744 888 σεαυτοῦ
757 832 829 898 κακὰ,
843 833 897 888 τοῖς
909 830 980 886 ἀνοι·

83 929 148 986 τίοις
160 929 268 1002 ἄστροις
278 929 462 1003 προαγρόφεις
475 928 521 998 τὴν
534 928 618 984 αι’τίαν
625 952 633 992 3
655 928 698 999 Μή
712 950 756 998 μοι
764 931 879 1001 πρόσεχε
888 927 983 982 λοιπόν

62 1021 266 1096 ἀστρολόγοις·
292 1025 352 1096 περὶ
374 1024 426 1096 γδρ
445 1021 543 1078 τοῦτον
563 1022 636 1096 λέγει
658 1021 674 1092 ἡ
695 1022 751 1078 θεία
771 1023 871 1096 γραφὴ,
889 1025 981 1093 “217‘1.

84 1140 172 1175 τασαν
191 1122 232 1176 καὶ
252 1121 417 1176 σιισάτασάν
436 1142 470 1175 σε
489 1122 514 1174 οί
534 1120 695 1194 ἀστρολόγοι
717 1123 764 1175 τοῦ
783 1117 919 1192 οὗρανοῦ,”
940 1121 984 1175 καὶ

83 1215 152 1286 ίξῆς·
175 1219 193 1244 “
200 1215 269 1272 Ἰδοὺ
281 1219 373 1274 πάντες
391 1217 426 1273 ὥς
445 1214 580 1290 φρῦγανον
601 1217 644 1276 ε’πί
663 1217 725 1288 πυρὶ
739 1214 982 1286 κοταιιαυθίησονται,

83 1313 127 1367 καί
140 1312 171 1368 οῦ
183 1313 218 1384 μὴ
232 1311 371 1382 ίξέλανται
384 1314 431 1382 τὴν
443 1312 535 1384 ψυχὴν
547 1313 630 1372 αὐτῶν
643 1312 672 1367 εἰι
683 1306 817 1385 φλογόε.”

129 1409 174 1464 19.
195 1409 315 1466 Μάνθανε
334 1410 363 1466 δέ
381 1411 423 1466 καὶ
442 1415 528 1480 τοῦτο,
541 1409 581 1466 ότι
599 1411 660 1483 πρὶν
671 1408 844 1482 παραγένηται
861 1407 898 1464 είς
910 1407 984 1462 τόνδε

86 1508 132 1561 τόν
144 1508 242 1576 κόσμον
259 1505 373 1580 ἡψυχὴ,
394 1507 469 1563 οὐδέν
487 1507 606 1580 ἥμαρτεν
627 1506 686 1563 ἀλλ’
703 1506 822 1565 ε’λθόντες
839 1505 983 1577 ἀναμάρτη-

86 1623 137 1668 τοι,
156 1605 200 1659 νῦν
221 1604 250 1659 εἰς
269 1602 444 1676 προαιρέσεως
464 1607 651 1676 ἁμαρτάνομεν.
693 1601 737 1673 Μὴ
757 1625 801 1674 μοι
820 1608 902 1661 κακῶς
916 1623 986 1658 τινος

85 1699 199 1770 ἀεοῦσης
222 1701 392 1775 ἐξηγουμένου
412 1704 453 1767 τό,
476 1702 493 1730 “
505 1702 537 1757 ΕΖ
560 1702 589 1757 δὲ
610 1699 673 1757 δοῦ
695 1699 774 1764 θέλω,
793 1705 870 1757 τοῦτο
889 1695 985 1764 ποιῶ,”

85 1799 157 1855 ἀλλὰ
171 1798 288 1869 μέμνησο
306 1803 353 1855 τοῦ
369 1801 502 1874 λέγοντος,
518 1797 606 1855 “Ἐάν
621 1799 715 1869 θέλητε
733 1801 775 1854 καὶ
793 1797 987 1867 εἶσακοόσησθέ

86 1918 144 1967 μου,
158 1895 190 1950 τά
203 1894 287 1968 ἀγαθὰ
300 1899 345 1966 τῆς
360 1898 408 1970 γῆς
426 1896 554 1970 φάγεσθε·
575 1897 620 1951 ε’ὰν
633 1898 661 1951 δὲ
681 1896 716 1967 μὴ
735 1896 829 1965 θέλητε
848 1895 912 1966 μηδέ
928 1894 984 1948 είσ-

85 1991 236 2061 ακοῦσησθέ
253 2014 313 2063 μου,
329 1994 443 2066 μάχαιρα
466 1992 531 2062 ῦμᾶς
553 1992 708 2058 κατέδεται,”
731 1994 773 2047 καὶ
796 1994 829 2047 τό
856 1992 922 2062 έξῆς·
944 1992 986 2045 καὶ

84 2091 174 2155 πόλιν,
188 2086 316 2161 *ίὨσπερ
336 2087 518 2161 παρεστήσατε
537 2091 570 2144 τό
588 2091 656 2160 μελη
677 2091 748 2160 ὑμῶν
768 2089 850 2144 δοῦλα
868 2091 899 2158 τῇ
919 2088 981 2143 ἀκα-

86 2185 181 2258 θαρσίᾳ
195 2186 236 2240 καί
249 2189 280 2256 τῇ
294 2184 386 2256 ἀνομίᾳ
405 2185 441 2242 είς
454 2184 500 2254 τὴν
518 2183 633 2256 ἀνομίαν,
648 2185 715 2241 οὕτω
736 2189 781 2240 νῦν
799 2182 986 2256 παραστήσατε

84 2283 117 2338 τά
129 2283 197 2353 μέλη
210 2283 280 2352 ὑμῶν
293 2283 376 2337 δοῦλα
388 2286 419 2352 τῇ
437 2281 585 2352 δικαιοσόνη
605 2284 642 2340 είς
661 2280 817 2357 ἄγιασμόν.”
858 2281 907 2335 Καὶ
919 2281 983 2350 μέμ-

85 2401 150 2449 νησο
163 2381 208 2450 τῆς
220 2380 325 2453 γραφῆς
337 2375 475 2450 λεγούσης,
491 2383 510 2406 “
520 2378 610 2436 Καθὼς
628 2381 674 2435 οῦκ
692 2379 848 2447 ἐδοκίμασαν
860 2380 905 2432 τὸν
919 2379 986 2435 Θεὸν

84 2477 154 2547 ἔχειν
168 2478 195 2532 ἐν
213 2473 379 2550 ε’πιγνόισει·”
400 2475 442 2529 καλ
462 2472 510 2538 ότι,
525 2477 587 2530 “Τό
600 2476 719 2548 γνωστόν
731 2479 778 2530 τοῦ
792 2475 859 2528 θεοῦ
872 2474 986 2546 φανερόν

86 2572 159 2628 ἔστιν
178 2573 206 2629 ἐν
225 2570 338 2631 αῦτοῖς·”
359 2573 400 2629 καὶ
420 2570 468 2635 ὅτι,
486 2570 579 2629 “Tabe
599 2571 753 2643 ὀφθαλμοὺς
770 2571 854 2627 αὐτῶν
873 2570 984 2641 ε’κάμμυ-

86 2666 162 2723 σαν·”
183 2672 287 2726 καὶτοῦ
305 2672 373 2726 Θεοῦ
390 2669 471 2727 πόλιν
488 2668 666 2741 ἐγκαλοῦντος,
685 2669 725 2722 καὶ
741 2665 874 2739 λέγοντος,
889 2669 906 2695 “
915 2665 985 2741 Ἐγὼ

86 2764 114 2819 δι’
137 2765 271 2836 ε’φῦτευσά
293 2790 326 2823 σε
346 2767 464 2836 ἄμπελον
487 2767 656 2839 καρποφόρον
671 2768 761 2828 πᾶσαν
779 2761 910 2833 ἀληθινὴν·
930 2770 986 2823 πῶς

85 2861 219 2934 ε’στράφης
231 2863 268 2920 εἷς
280 2863 391 2935 πικρίαν,
405 2862 420 2932 ἡ
433 2863 548 2933 ἄμπελος
561 2862 576 2933 ἢ
590 2861 718 2935 ἀλλοτρία
728 2860 752 2925 ,·”

124 2956 172 3012 20.
193 2956 332 3016 Ἀθόνατός
346 2961 419 3015 έστιν
431 2959 447 3029 ἡ
461 2957 548 3033 ψυχή.
590 2961 639 3014 Καὶ
652 2961 738 3029 όμοῖοι
751 2960 835 3015 πᾶσαι
856 2959 883 3017 σί
895 2957 986 3030 ψυχαί

84 3053 152 3110 εἶσιν
179 3054 277 3126 ἀνδρῶν
297 3078 326 3111 τε
347 3057 389 3111 καὶ
409 3063 543 3130 γυναικῶν·
570 3057 602 3113 τό
628 3058 680 3130 γὰρ
706 3057 774 3127 μιλη
797 3058 845 3111 τοῦ
866 3057 986 3126 σιἰματος

84 3153 253 3224 διακέκρινται
275 3154 360 3222 μόνον.
415 3155 469 3210 Οὐκ
493 3155 551 3208 ἔστι
576 3155 662 3226 τάγμσ
688 3154 785 3227 ψυχῶν
810 3154 874 3208 κατὰ
900 3151 986 3225 φῦσιν

85 3253 296 3322 ἁμαρτονουσῶν.
319 3251 360 3304 καὶ
382 3251 468 3324 τόγμα
488 3251 585 3323 ψυχῶν
604 3252 667 3306 κατὰ
687 3248 772 3322 φῦσιν
788 3251 985 3324 δικαιοπραγου-

86 3351 149 3401 σῶν·
178 3345 239 3401 ἀλλ’
263 3346 291 3400 εἰε
304 3348 478 3420 προαιρέσεως
499 3347 644 3419 ἀμφότερα,
665 3349 814 3419 μονοειδοῦς
835 3349 876 3408 καὶ
896 3347 989 3415 όμοίοε

86 3445 167 3514 οὔσης
183 3445 211 3499 ἐν
229 3445 313 3500 όπασι
331 3446 376 3516 τῆς
394 3448 446 3501 τῶν
463 3445 561 3520 ψυχῶν
581 3446 776 3504 mazacam.
818 3439 894 3498 ὒλλα
906 3441 956 3506 τὶ*
970 3434 1020 3484 ὧν
