2356 3780
382 243 474 284 sanun
494 243 533 284 sn
553 231 787 284 csmcnnunuos.
992 216 1047 284 95>

133 423 222 498 d'edit,
244 423 386 484 Dominus
409 422 548 496 abstulit;
577 426 673 501 potest
692 422 799 483 iterum
820 421 887 480 darc
908 419 960 498 qui
983 419 1032 480 ab·

134 518 228 594 stulit,
250 525 345 598 potest
371 520 455 597 plura
474 538 609 580 revocare
635 539 722 596 quam
746 517 846 578 tulit.''
887 519 955 577 Non
977 517 1032 577 hoc

134 616 221 691 dixit,
237 617 295 690 sed,
311 621 329 650 ‘⁴
338 617 410 676 sicut
420 617 540 678 Domino
548 615 667 692 placuit,
680 614 786 694 inquit,
799 615 842 673 ita
847 614 958 690 saetam
971 618 1031 673 esi:

135 711 204 790 quia
223 711 261 770 Ei
280 711 384 792 placet,
405 713 519 788 placeat
538 711 629 782 mihi;
655 710 732 788 quod
750 709 861 787 placuit
880 711 954 769 bono
973 708 1032 767 Dc·

133 807 222 880 mino,
244 828 303 867 non
323 807 474 885 displiceat
491 808 606 868 subdito
627 826 725 880 serv03
746 806 824 885 quod
844 805 955 882 placuit
972 824 1033 865 me·

134 903 208 973 dico,
223 923 282 962 non
302 902 455 979 displiceat
474 901 612 979 aegroto.”
653 901 751 959 Aliam
768 900 860 978 ipsius
877 901 946 959 audi
965 920 1033 961 con·

134 1000 305 1059 sessionem:
338 1001 446 1058 Monta
467 1020 503 1072 ea,
519 998 617 1076 inquit
635 991 722 1056 uxori
743 1016 811 1069 suae,
828 1001 957 1074 tanquam
976 1018 1034 1058 nnn

135 1116 168 1156 an
198 1097 394 1172 incipientibus
424 1095 594 1177 enniieridns.
645 1095 682 1154 Si
708 1094 776 1153 bona
803 1093 976 1168 necopinus
1002 1095 1034 1154 de

134 1211 220 1250 mann
234 1192 361 1258 Domini,
375 1190 449 1249 mala
464 1209 549 1268 qnare
568 1209 623 1248 non
642 1188 858 1248 sustinebimus?
897 1188 965 1248 Non
984 1191 1034 1250 ad·

135 1286 219 1359 didit,
235 1287 322 1365 quod,
338 1286 363 1344 si
380 1285 497 1359 diceret,
512 1304 615 1344 verum
628 1284 744 1355 diceret,
763 1285 899 1344 “Potens
918 1289 963 1345 est
974 1286 1033 1345 Do·

135 1381 232 1441 minus
250 1386 281 1441 et
300 1401 393 1440 meam
407 1400 522 1440 carnem
541 1379 572 1439 in
584 1379 742 1456 pristinum
758 1399 899 1452 revocare,
915 1386 945 1441 et
957 1383 1035 1460 qnod

134 1477 219 1537 nobie
239 1477 360 1537 abstulit
378 1475 603 1553 multiplicare,'’
623 1495 661 1534 ne
680 1474 737 1536 ista
758 1495 807 1552 spe
826 1477 879 1536 ilia
898 1478 1069 1554 tolerasse,

135 1572 292 1632 videretur.
334 1572 397 1632 Ista
416 1592 475 1632 non
494 1571 649 1641 dixitista
668 1592 725 1631 non
746 1573 880 1649 speravit.
924 1575 981 1634 Sed
999 1578 1035 1636 ut

135 1689 188 1728 nos
211 1669 386 1741 doceremur,
410 1689 469 1728 non
492 1667 619 1746 speranti
641 1667 783 1727 Dominus
809 1668 954 1744 praestitit,
978 1690 1035 1749 quo

134 1785 187 1824 nos
200 1764 374 1840 doceremur,
388 1765 457 1844 quia
469 1765 549 1824 Deus
561 1764 608 1823 illi
622 1764 732 1824 adfuit:
755 1763 825 1842 quia
845 1765 913 1826 siet
924 1766 977 1827 illa
989 1767 1036 1826 1111

136 1879 195 1920 non
221 1861 362 1931 redderet,
386 1860 528 1920 occultam
552 1880 684 1920 coronam
710 1860 774 1938 ejus
795 1860 892 1920 videre
917 1861 1036 1922 minime

137 1961 309 2034 poteramus.
350 1957 391 2016 Et
403 1956 468 2015 ideo
488 1956 560 2034 quid
579 1956 621 2016 ait
640 1956 788 2035 Scriptura
808 1957 915 2032 divina
931 1959 1036 2017 exhor·

136 2053 224 2112 tando
238 2053 275 2110 ad
287 2051 458 2129 patientiam
470 2059 500 2111 et
520 2071 599 2129 spem
611 2053 786 2123 futurorum,
799 2073 858 2113 non
877 2056 1036 2114 mercedem

43 2143 46 2149 ’
137 2146 347 2224 praesentium?
379 2148 553 2206 Patientiam
566 2147 621 2208 Joh
640 2149 767 2218 audistis,
782 2151 908 2226 nisinen
919 2149 1037 2210 Domini

137 2242 257 2301 vidistis.
300 2242 396 2308 Quare
413 2244 583 2318 patientium
601 2243 663 2318 Job,
686 2249 717 2304 et
738 2265 804 2318 non,
827 2247 925 2305 Finem
944 2245 1035 2319 noina

136 2337 189 2398 Joh
202 2339 337 2397 uidistis?
368 2339 479 2398 Fauces
492 2339 618 2415 aperires
631 2341 668 2399 ad
681 2341 787 2417 dupla;
809 2341 927 2414 diceres,
946 2341 1033 2398 “Deo

136 2433 252 2511 gratias
264 2433 428 2506 sustineam,
440 2434 564 2511 duplum
575 2434 681 2512 recipio
696 2435 772 2495 sicut
780 2437 800 2496 J
801 2435 867 2496 ob.”
888 2435 1035 2495 Patientia

136 2531 197 2605 Jeh,
205 2533 293 2609 finem
312 2529 440 2591 Domini.
481 2530 656 2591 Patientiam
668 2533 686 2590 J
687 2534 723 2592 ob
743 2530 884 2604 novimus,
900 2536 930 2590 et
947 2531 1036 2590 finem

136 2625 255 2686 Domini
274 2626 416 2686 novimus.
458 2626 552 2692 Quem
571 2626 659 2685 finem
677 2625 819 2686 Domini?
851 2629 937 2700 Dens,
959 2630 1037 2686 Dens

138 2742 220 2795 nens,
236 2724 337 2799 ntqnii
348 2743 389 2782 nee
402 2722 598 2800 dereliquisti?
636 2724 733 2783 Verba
750 2728 819 2783 sunt
832 2723 949 2782 Domini
965 2742 1036 2799 pen-

138 2816 234 2876 dentis
255 2817 287 2876 in
310 2818 398 2895 ligno.
441 2818 530 2897 Quasi
554 2818 675 2896 reliquit
700 2819 785 2879 illum
805 2821 842 2879 ad
867 2827 1056 2897 praesentem¹

137 2912 315 2987 felicitatem,
338 2914 388 2972 sed
408 2933 466 2973 non
486 2901 553 2973 eum
574 2900 694 2991 reliquit
712 2916 749 2974 ad
767 2919 905 2974 aeternam
924 2914 1039 2973 immor·

136 3008 289 3069 talitatem.
331 3009 379 3069 Ibi
402 3014 447 3069 est
468 3010 535 3069 finis
559 3010 684 3069 Domini.
727 3011 839 3071 Tenent
860 3011 966 3083 Judaei,
991 3010 1037 3071 in·

137 3103 249 3163 miltant
274 3105 380 3179 Judaei,
407 3105 500 3180 ligant
525 3105 630 3179 Judaei,
659 3105 749 3183 spinis
774 3111 919 3181 coronant,
943 3107 1035 3184 sputis

137 3200 334 3273 dehonestant,
357 3201 514 3276 flagellant,
537 3201 696 3278 opprobriis
718 3203 854 3276 obruunt,
875 3190 955 3278 ligno
975 3223 1037 3263 sus·

136 3296 277 3374 pendunt,
292 3297 392 3356 lancea
410 3298 533 3371 fodiunt,
549 3302 690 3374 postremo
710 3299 871 3375 sepeliunt:
893 3299 977 3378 quasi
990 3320 1035 3359 re·

118 3443 123 3453 .
139 3392 226 3452 lictus
240 3395 291 3452 est.
324 3393 390 3459 ‚seu
403 3391 529 3472 quibus?
550 3392 845 3460 Illisinsnltantibue.
877 3396 960 3456 *Ideo
971 3415 1046 3466 ergo

1089 3488 1127 3536 Δ
