2356 3780
365 245 400 286 nv
419 246 574 288 smonru
593 247 802 289 snosronouvu.
978 228 1035 289 137

134 405 167 466 in
187 407 247 468 suis
264 410 424 470 visionibus
445 412 561 473 edocet:
584 433 623 472 ex
646 412 753 490 quibus
774 410 860 471 valde
883 430 1034 488 operosum

135 507 180 580 est
191 524 270 565 nune
289 509 423 586 exempla
435 527 549 586 ponere,
565 507 635 585 quis
653 508 722 567 satis
741 508 845 585 amplis
862 506 1035 567 narrationi-

136 598 192 659 bus
210 601 358 663 dilatetur.
400 605 440 663 Et
458 604 523 662 ideo
543 604 615 662 seire
635 604 670 663 de
690 604 736 663 his
755 604 871 681 plenius
889 604 1035 664 volentem
1078 618 1080 624 ·

137 693 173 752 sd
192 694 268 773 ipsos
287 698 380 774 magis
403 698 589 758 recensendas
608 699 783 758 remittimus
802 699 934 758 visiones.
977 698 1036 757 Sed

137 793 168 850 et
179 791 336 868 Apostolus
349 794 420 855 dieit
432 796 468 854 de
487 815 530 869 eo,
545 795 592 855 Na
605 797 667 874 quis
682 817 729 858 vos
742 797 850 855 sedarat
870 794 1035 854 ullomodo:

135 888 266 963 quoniam
278 889 338 948 nisi
349 891 474 950 discessio
487 893 593 952 venerit
605 893 738 968 nmmum,
753 895 781 950 et
799 891 935 952 revelatus
940 891 1038 967 suerit

135 983 213 1043 domo
233 986 351 1060 peceati,
367 984 452 1062 filius
469 988 653 1062 perditionis,
677 989 728 1066 qui
751 989 914 1048 adversatur
935 991 962 1047 et
987 1007 1037 1045 eu·

136 1079 248 1139 tollitur
266 1101 348 1157 super
368 1101 444 1141 omno
461 1084 533 1160 quod
551 1083 656 1143 dieitur
674 1087 751 1143 Dens
767 1089 817 1143 aut
836 1083 909 1161 quod
925 1082 1035 1156 salitur,

137 1175 180 1232 ita
192 1176 269 1233 utin
283 1177 380 1253 templo
393 1179 451 1238 Dei
467 1178 566 1251 sedeat,
582 1180 721 1238 ostendens
734 1199 760 1238 se
775 1184 906 1256 tanquam
919 1179 978 1253 s'pso
997 1179 1038 1238 sit

136 1272 224 1330 Deus.
275 1273 315 1332 Et
340 1276 427 1350 poulo
452 1282 526 1351 post,
555 1275 599 1334 Et
627 1279 691 1334 tuno
715 1275 882 1336 revelabitur
908 1276 1033 1351 iniquus,

136 1387 215 1445 quem
226 1369 364 1428 Dominus
375 1372 455 1430 Jesm
468 1372 615 1447 intufieiet
628 1373 734 1447 spiritu
746 1373 802 1432 oris
815 1373 868 1447 sni,
885 1376 912 1431 et
924 1390 1036 1431 marna·

138 1463 180 1521 lit
198 1483 258 1524 enm
279 1466 483 1526 illuminatione
505 1468 635 1526 adventus
661 1468 725 1536 sni,·
745 1467 825 1545 ‘oenus
846 1473 886 1527 est
906 1469 1037 1528 adventus

137 1562 283 1621 seeundum
301 1582 384 1637 mirra
404 1563 525 1636 Satana,
542 1564 573 1621 in
590 1565 667 1622 unni
683 1564 795 1637 intuto,
811 1563 907 1639 sipnis,
926 1568 953 1622 et
967 1582 1037 1638 pro-

138 1656 223 1732 dipiis
237 1659 418 1719 mendacibus.
460 1658 499 1717 Et
519 1660 598 1734 item,
614 1661 787 1738 paulopost,
803 1660 847 1718 Et
866 1661 927 1720 ideo
944 1659 1038 1718 mittet

137 1753 197 1812 illis
220 1757 297 1814 Deus
318 1756 501 1830 operationem
522 1757 634 1830 erroris,
656 1762 690 1816 nt
709 1757 821 1815 erodant
838 1757 984 1830 mendane,
1005 1762 1038 1816 ut

128 1851 293 1927 judioentur
305 1872 394 1911 omnes
407 1852 458 1930 qui
469 1872 523 1911 non
536 1854 710 1913 erediderunt
722 1854 846 1913 veritati.
884 1854 1039 1931 Propterea

137 1965 205 2022 ergo
224 1947 404 2023 Prophetiois
420 1952 450 2008 et
463 1948 645 2024 Evangeliois
665 1952 752 2026 utque
767 1947 942 2025 Apostolieis
961 1946 1039 2008 vooi·

137 2042 192 2100 bus
211 2043 293 2102 nobis
313 2043 529 2119 praenunoistur
542 2043 589 2102 hio
610 2064 695 2117 error,
711 2044 827 2121 nequis
845 2063 897 2120 pro
911 2043 1038 2101 adventu

138 2137 246 2195 Christi
267 2137 424 2198 adventum
444 2139 542 2199 eredat
567 2139 748 2199 Antichristi.
790 2139 856 2211 Sed,
881 2137 1039 2214 sicutipse

138 2232 280 2291 Dominus
297 2232 377 2306 dicit,
406 2234 474 2292 Cum
495 2235 619 2294 dixerint
641 2235 724 2306 nolis,
746 2235 818 2292 ane
840 2234 967 2292 Christus
985 2233 1039 2307 die,

138 2333 188 2387 aut
200 2328 271 2386 Erae
284 2320 356 2397 illie,
367 2328 452 2386 nolite
465 2331 578 2388 nedae.
620 2330 734 2388 Venient
746 2330 818 2386 enirn
830 2328 915 2387 multi
920 2328 1039 2410 pseudo·

138 2423 239 2483 elristi
254 2427 281 2481 et
295 2423 546 2499 pseudopropheta,
560 2429 587 2482 et
606 2425 730 2482 sederent
749 2423 857 2482 multos.
898 2422 955 2482 Sed
969 2443 1039 2499 quo-

137 2520 221 2577 modo
240 2519 478 2578 demonstraverit
493 2519 639 2597 judicium
658 2519 721 2578 veri
741 2517 849 2578 Christi
867 2518 1036 2578 videamus:

137 2614 219 2675 Siout
241 2614 354 2692 sulpur,
381 2614 487 2691 inquit,
517 2615 549 2672 de
579 2615 692 2674 Mento
717 2613 871 2689 resplendet
896 2634 982 2691 usque
1007 2615 1039 2674 in

142 2713 320 2784 Oenidenten,
343 2712 386 2770 ita
405 2713 461 2772 erit
482 2714 612 2771 adrentus
624 2711 690 2790 filii
708 2711 833 2769 dominis.
876 2710 949 2769 (lum
973 2730 1040 2786 ergo

139 2807 287 2868 advenerit
307 2827 393 2867 verus
416 2807 567 2880 Dominus,
590 2807 676 2866 lesus
699 2805 838 2879 Oluistus,
865 2805 984 2880 sedebit,
1010 2811 1041 2867 et

135 2903 280 2982 judicium
300 2906 428 2963 statuet:
454 2903 530 2962 siout
549 2902 629 2962 etin
648 2900 816 2974 Evangeliis
835 2900 916 2974 dioit,
938 2904 981 2962 Et
1001 2923 1041 2962 se·

135 3000 261 3078 propedit
281 3020 340 3059 oves
359 2998 392 3057 al
413 2999 504 3072 dadis,
519 2998 550 3056 id
571 3001 622 3070 est,
634 2997 730 3073 justos
749 2997 785 3055 ab
804 2996 940 3074 injustis:
967 2997 1042 3058 siout

138 3094 295 3171 Apostolus
308 3092 415 3165 scribit,
437 3093 511 3160 Quia
529 3112 616 3151 omnes
633 3111 681 3149 nas
695 3096 768 3150 stare
787 3096 893 3167 oportet
909 3098 972 3151 ante
986 3095 1041 3152 tri·

139 3191 224 3252 dunel
240 3191 357 3261 Christi,
373 3194 406 3247 ut
425 3189 545 3263 resipiat
564 3188 750 3265 unusquisque
763 3187 888 3263 propria
907 3191 1039 3266 eorporis,

133 3293 223 3364 prout
233 3289 327 3364 pessit,
343 3287 400 3346 sioe
414 3287 481 3346 dona
494 3286 550 3346 sine
564 3285 645 3344 mala.
676 3284 861 3345 iudicabitur
874 3290 971 3346 sutem
983 3307 1041 3346 non

139 3384 232 3444 solum
250 3404 303 3461 pro
322 3382 419 3459 gestis,
436 3382 486 3442 sed
505 3385 535 3442 et
553 3401 605 3459 pro
625 3380 766 3458 cogitetis,
787 3383 943 3443 seeundum
963 3384 1043 3460 quod
