2356 3780
46 233 50 241 ’
156 227 195 289 70
413 243 415 247 ’
463 240 750 289 s.annauorsr1r1

156 425 291 503 majestas
311 425 401 485 Verbi
424 429 459 486 ab
485 427 607 486 hnmani
629 427 754 504 corporis
779 426 937 502 fragilitate
964 445 1054 484 secre-

156 521 240 581 tius?
278 521 363 581 Unde
376 522 562 583 manifestum
578 528 622 583 est
637 523 719 582 nullo
739 524 822 582 modo
842 522 968 599 potuisse
981 521 1068 579 Ver·'

155 620 227 677 bum
240 617 296 676 Dei
308 617 447 676 maculari
459 619 587 678 humano
605 639 730 696 empore,
747 638 805 700 quo
817 639 870 678 nec
883 617 946 694 ipsa
959 616 1055 676 anima

156 714 284 771 humana
309 714 454 773 maculata
480 719 533 774 est.
574 715 641 774 Nou
663 714 741 773 enim
768 735 834 774 oum
854 714 931 789 regit
952 733 1055 791 corpus

156 813 243 889 atque
256 809 395 883 vivificat,
411 810 462 868 sed
475 830 541 869 oum
555 810 618 888 ejus
630 812 706 869 bona
719 810 853 870 mortalia
866 808 1051 885 concupiscit,

156 907 192 965 de
207 925 321 982 corpore
334 904 430 964 anima
448 906 620 966 maculatur.
662 907 746 973 Quod
766 906 792 964 si
811 905 913 964 animae
927 905 1054 964 maculas

155 1002 202 1061 illi
223 1002 315 1062 vitare
336 1002 454 1076 vellent,
477 1003 540 1061 haec
560 1002 710 1061 mendacia
732 1002 830 1078 potius
853 1005 884 1061 et
906 1000 1054 1075 sacrilegia

155 1098 351 1157 formidarent.

199 1200 244 1255 11.
267 1195 324 1255 Sed
343 1213 433 1271 parva
445 1199 507 1253 erat
526 1213 578 1271 pro
597 1194 681 1252 nobis
694 1191 812 1252 Domini
830 1190 923 1252 nostri
935 1191 1054 1250 humili·

155 1295 201 1351 tas
213 1291 245 1349 in
257 1289 416 1349 nascendo:
440 1288 558 1348 accessit
576 1289 664 1348 etiam
676 1292 711 1347 nt
723 1287 797 1346 mori
815 1308 868 1364 pro
885 1287 1055 1347 mortalibus

155 1387 332 1461 dignaretur.
375 1385 548 1446 Humo'lo'ooit
568 1385 645 1444 enim
664 1405 699 1457 os,
712 1384 810 1460 factus
829 1385 954 1443 subditae
973 1403 1056 1460 coque

155 1484 193 1541 od
213 1488 334 1555 mortem,
359 1487 471 1541 mortem
498 1486 588 1541 autem
612 1482 721 1547 eructu
748 1499 785 1539 no
811 1480 965 1557 quisquam
990 1499 1055 1537 nos·

154 1582 243 1651 trum,
260 1577 375 1636 etiamsi
388 1581 510 1636 mortem
522 1580 619 1653 posset
634 1596 693 1635 non
705 1575 818 1650 timere,
834 1575 952 1653 aliquod
965 1594 1056 1649 genus

137 1686 143 1702 ’·
153 1672 265 1745 mortis,
290 1673 367 1749 quod
386 1673 518 1730 homiues
543 1670 845 1746 ignominiosissimum
866 1670 1051 1742 arbitrantur,

154 1767 293 1825 horreret.
336 1766 485 1825 Credimus
510 1766 609 1843 itaque
635 1765 667 1822 in
690 1765 766 1824 Eum
790 1765 842 1842 qni
868 1784 920 1823 sur
943 1765 1054 1822 Pourro

155 1863 264 1920 Pmsro
283 1880 453 1922 onncmrxus
472 1881 530 1935 aar,
546 1879 581 1919 nr
592 1879 749 1920 ammaus.
789 1861 963 1919 Addendum
976 1859 1055 1919 enim

156 1965 219 2021 erat
244 1961 353 2038 judicis
379 1980 492 2034 nomen,
521 1965 638 2037 propter
662 1963 825 2036 temporum
851 1959 1052 2035 coguitionem.

156 2055 313 2132 Sepultura
334 2074 401 2114 vero
422 2055 475 2112 illa
501 2073 567 2112 cum
594 2054 729 2128 creditur,
752 2053 787 2112 fit
807 2054 965 2113 recordatio
986 2055 1055 2114 novi

155 2150 345 2224 monumenti,
362 2150 439 2226 quod
458 2154 652 2208 resurrecturo
666 2150 703 2207 ad
715 2148 785 2208 vitae
805 2149 966 2208 novitatem
980 2169 1053 2226 prae·

153 2249 238 2306 beret
264 2246 471 2319 testimonium,
497 2244 573 2303 sicut
598 2245 744 2304 nascituro
770 2249 871 2304 uterus
894 2244 1052 2321 virginalis·

154 2344 231 2403 Nam
256 2343 332 2402 sicut
357 2342 389 2400 in
410 2342 462 2400 illo
488 2345 675 2400 monumento
696 2340 797 2399 nullus
824 2341 899 2399 alius
924 2345 1055 2400 mortuus

155 2440 288 2515 sepultus
301 2442 354 2511 est,
370 2457 422 2496 neo
443 2441 519 2510 ante,
535 2456 588 2495 nec
608 2436 715 2514 postet,
732 2435 772 2494 sic
789 2435 821 2494 iu
834 2435 887 2494 illo
902 2440 985 2494 utero
1001 2455 1054 2494 neo

154 2541 230 2607 ante,
247 2554 299 2593 uec
312 2518 419 2610 posted,
436 2533 596 2610 quidquam
608 2533 730 2592 mortale
743 2535 913 2608 conceptum
926 2535 978 2589 est.
1087 2535 1089 2542 '

89 2652 90 2655 ¹
195 2636 241 2690 12.
265 2630 414 2690 Credimus
436 2632 524 2689 etiam
547 2629 632 2687 illum
653 2649 754 2689 rmrro
774 2647 825 2687 nm
845 2645 1054 2687 nnsuannxrssn

155 2742 175 2785 a
196 2745 330 2799 nonrurs,
351 2725 578 2804 primogenitum
600 2723 796 2784 consecuturis
815 2723 963 2795 fratribus,
984 2742 1055 2799 quos

154 2823 187 2882 in
201 2823 384 2900 adoptionem
399 2822 526 2881 filiorum
540 2820 596 2880 Dei
609 2819 732 2893 vocavit,
748 2839 821 2896 quos
834 2817 1055 2896 comparticipes

155 2923 186 2978 et
199 2919 360 2979 oohaeredes
373 2938 439 2976 suos
453 2936 513 2975 esse
526 2916 663 2990 diguatus
677 2919 729 2973 est.

196 3016 242 3072 13.
266 3013 414 3073 Credimus
436 3030 471 3070 ru
492 3030 596 3070 omnum
617 3028 794 3083 ssonrnrssn,
820 3028 907 3086 quem
929 3008 1054 3068 beatitu-

155 3107 232 3167 dinis
251 3109 348 3167 locum
368 3108 456 3168 etiam
474 3107 557 3165 nobis
576 3104 715 3183 promisit,
739 3105 845 3180 dicens,
868 3106 965 3165 Erunt
983 3105 1055 3163 siout
1119 3158 1120 3161 ,

154 3203 263 3278 Anpclc'
279 3203 310 3261 in
324 3203 402 3275 celio,
418 3202 449 3260 iu
468 3201 520 3259 illa
533 3200 658 3274 civitate,
675 3219 739 3276 quse
758 3203 802 3258 est
818 3203 911 3258 mater
927 3198 1055 3257 omnium

73 3332 75 3339 ·
153 3302 286 3357 nostrum
297 3297 459 3356 Jerusalem
472 3300 581 3356 aeterna
595 3294 627 3352 in
641 3295 729 3354 coelis.
766 3295 847 3353 Solet
859 3298 956 3352 autem
970 3313 1055 3370 quos-

147 3395 217 3452 dam
237 3393 384 3454 offendere
398 3392 445 3453 vel
463 3391 567 3470 impios
585 3389 715 3451 Gentiles
733 3390 781 3449 rel
800 3389 959 3463 haereticos,
976 3390 1054 3465 quod
