2356 3780
164 228 221 285 108
435 245 540 287 surm
560 246 784 288 commistus

161 410 321 484 mortalem,
337 410 420 489 qussi
432 410 588 471 invisibilis
606 410 791 486 invisibilem,
807 409 877 489 quie
890 410 946 470 lux
966 411 1061 488 splen·

160 506 267 579 dorem,
281 506 351 582 quis
363 525 444 566 mens
457 507 586 566 verbum.

162 649 165 652 .
201 607 229 662 5.
251 601 336 668 Quod
359 608 457 662 autem
477 603 615 679 diximus,
637 603 764 664 Orientis
783 602 926 663 Eoolesies
947 604 1061 666 tradere

163 699 284 756 “unum
293 699 389 757 Deum
397 699 513 757 Patrem
526 699 771 777 omnipotentem”
782 702 813 759 et
825 704 845 734 ‘⁸
855 719 949 758 unum
961 699 1061 758 Domi·

160 792 261 863 num,''
272 794 325 852 hoe
334 813 393 852 non
405 793 629 870 intelligendum
642 804 686 854 est
698 815 791 854 unum
800 813 920 853 numero
930 794 997 868 dici,
1011 793 1061 854 sed

160 888 360 949 universitate.
390 890 480 949 Verbi
494 889 595 965 gratis,
612 891 645 950 si
659 891 726 968 quis
738 891 818 951 diost
832 895 851 924 “
862 910 955 949 unum
968 890 1061 949 homi·

160 987 257 1058 nem,”
267 988 319 1045 out
328 992 346 1018 “
357 1004 450 1044 unum
459 988 594 1062 equum,”
602 987 650 1046 hio
660 1007 753 1046 unum
761 1006 814 1064 pro
824 1005 943 1045 numero
952 984 1059 1064 posuit.

160 1081 260 1140 Potest
273 1080 351 1140 enim
370 1085 401 1141 et
420 1080 496 1140 alius
515 1081 601 1141 homo
621 1101 682 1141 esse
702 1085 733 1142 et
752 1081 867 1155 tertius,
883 1081 931 1139 vel
954 1099 1059 1157 equus.

160 1175 220 1237 Ubi
239 1181 337 1236 sutem
355 1175 430 1235 elius
443 1176 492 1235 vel
511 1176 617 1235 tertius
637 1197 696 1236 non
714 1180 812 1254 potest
828 1173 924 1253 jungi,
939 1194 1016 1233 unus
1036 1173 1062 1234 si

160 1271 282 1345 diootur,
305 1290 364 1330 non
384 1271 498 1330 numeri
518 1271 568 1330 sed
582 1271 781 1333 universitatis
802 1276 847 1331 est
864 1289 976 1329 nomen
1019 1271 1070 1331 Ut'

160 1367 194 1440 si,
210 1367 337 1445 exempli
350 1387 443 1441 eausa,
460 1367 589 1428 dieamus
605 1373 624 1402 “
633 1389 725 1428 unum
738 1368 858 1443 solem,’'
870 1367 919 1427 hio
929 1387 1006 1426 unus
1018 1365 1062 1427 ite

160 1463 275 1538 dieitur,
291 1468 327 1524 ut
339 1463 387 1522 vel
407 1463 482 1522 alius
494 1464 543 1522 vel
561 1464 670 1524 tertius
689 1465 757 1523 addi
776 1484 836 1524 non
854 1462 964 1540 possit;
985 1482 1063 1522 unus

159 1563 204 1619 est
226 1558 304 1618 enim
327 1560 379 1619 sol.
430 1559 527 1620 Multo
554 1559 647 1636 magis
674 1581 742 1637 ergo
769 1561 860 1633 Deus,
890 1578 957 1618 oum
985 1577 1063 1618 unus

159 1652 275 1726 dieitur,
299 1674 375 1714 unus
400 1674 460 1714 non
484 1655 599 1715 numeri
626 1657 676 1716 sed
700 1653 900 1716 universitatis
922 1654 1063 1714 voeabulo

160 1755 352 1827 nuncupatur,
377 1749 482 1823 idest,
506 1751 559 1829 qui
581 1755 733 1829 propterea
752 1771 830 1811 unus
857 1749 965 1811 dieitur
984 1749 1062 1827 quod

161 1844 317 1903 aliusnon
341 1845 387 1906 sit.
437 1846 579 1906 Similiter
602 1847 691 1908 etde
714 1847 839 1906 Domino
863 1840 1062 1923 sooipiendum

160 1938 307 2016 estquod
326 1960 403 2001 unus
422 1942 462 2002 sit
481 1941 623 2001 Dominus
639 1943 726 2003 Jesus
746 1940 889 2015 Christus,
903 1960 956 2018 per
975 1959 1062 2017 quem

160 2033 241 2093 Deus
250 2035 337 2094 Pater
349 2036 529 2097 dominatum
543 2037 673 2096 omnium
686 2041 786 2111 tenet;
803 2035 925 2096 undeet
938 2052 1061 2112 sequens

161 2149 252 2189 sermo
269 2135 288 2164 “
298 2131 524 2208 omnipotentem
534 2133 554 2163 ’'
565 2132 739 2211 pronunciat
750 2132 856 2208 Deum.

211 2226 399 2287 Ouu1rorsrs
418 2233 517 2288 autem
541 2231 577 2289 ub
596 2248 630 2288 eo
650 2228 757 2287 dicitur
774 2227 852 2304 quod
871 2224 1000 2285 omnium
1018 2228 1063 2284 te-

160 2326 229 2382 neat
248 2327 439 2399 potentatum.
482 2325 575 2386 Tenet
595 2330 693 2385 autem
717 2324 812 2383 omnia
832 2324 919 2382 Pater
939 2341 991 2398 per
1011 2321 1062 2379 Fi·

160 2417 243 2489 lium,
264 2419 339 2479 siout
359 2423 389 2479 et
409 2421 565 2496 Apostolus
585 2418 665 2493 dioit,
693 2421 766 2490 Quia
780 2407 835 2494 per
853 2419 951 2494 speum
970 2420 1063 2475 neoto

160 2516 226 2570 eunt
238 2512 338 2585 omnio,
353 2512 478 2572 visibilia
491 2517 518 2572 et
537 2513 702 2586 invisibilis,
718 2513 775 2570 sios
789 2511 892 2584 throni,
907 2510 963 2567 sios
976 2509 1062 2566 domi·

160 2608 291 2680 noturus,
308 2608 365 2666 sivo
378 2609 569 2683 principatus,
583 2609 639 2666 sios
653 2611 776 2682 potestat
803 2608 811 2666 ’.
852 2605 893 2663 Ilt
904 2604 1012 2662 iterum
1025 2602 1063 2661 ad

160 2702 302 2762 Hebraeos
316 2703 444 2763 scribens
457 2704 538 2777 dioit,
556 2704 629 2772 Quia
636 2723 692 2780 per
704 2703 800 2778 speum
814 2701 911 2761 secolo
924 2700 1061 2772 instituit,

160 2803 187 2859 ot
199 2800 295 2875 speum
309 2801 453 2860 oomtituit
466 2800 596 2859 heredem
607 2800 805 2859 universorum.
849 2801 868 2831 “
881 2794 1062 2856 Constituit”

160 2903 258 2954 sutem
276 2896 352 2975 quod
370 2896 420 2969 sit,
437 2896 548 2972 genuit,
563 2895 750 2972 intelligitur.
793 2891 920 2960 Quodsi
940 2909 993 2968 per
1011 2891 1062 2967 Ip-

161 3012 226 3051 sum
246 2992 352 3051 saeoula
371 2991 503 3053 instituit
522 2993 618 3065 Pater,
634 2995 666 3051 et
684 3010 737 3067 per
757 2993 859 3068 Ipsum
879 2991 975 3048 oreste
995 2989 1064 3046 sunt

160 3088 264 3161 omnio,
280 3091 311 3147 et
330 3088 398 3166 Ipse
418 3091 463 3147 est
481 3087 574 3147 heeres
593 3086 732 3156 omnium,
749 3106 802 3163 per
822 3086 926 3163 Ipsum
945 3101 1014 3158 ergo
1033 3084 1065 3141 et

160 3187 344 3260 potentatum
367 3182 496 3242 omnium
517 3188 607 3241 tenet.
658 3181 736 3248 Quia
756 3181 834 3240 siout
854 3181 908 3239 lux
928 3179 964 3238 de
987 3177 1062 3248 luoe,

160 3284 190 3339 et
202 3279 309 3339 veritos
329 3281 364 3338 de
384 3278 515 3349 veritate,
529 3279 572 3338 ite
591 3279 627 3338 de
648 3279 854 3354 Omnipotente
869 3274 1063 3350 Omnipotens

148 3380 244 3432 natus
268 3379 322 3435 est.
370 3375 413 3436 Ut
438 3374 471 3434 in
497 3374 673 3456 Apocalypsi
698 3373 819 3433 Joannis
845 3374 881 3432 de
909 3367 1064 3446 Seraphim

57 3510 68 3561 l
