2356 3780
375 232 543 274 ommam
562 231 685 280 eumn
941 220 978 278 53

83 416 173 486 σ’τικῆς
188 413 274 484 ἕξεως,
290 417 331 472 καί
349 416 510 486 διαλεκτικῆς
526 416 654 490 ἐνεργείας
663 438 672 479 ,·
693 415 762 474 ὅπως
778 419 794 471 δ
812 413 937 487 πνεύμων,
952 416 980 471 ἐν

81 507 243 582 ἀποκρύφοις
261 510 382 582 κείμενος,
397 510 532 568 ἄπαυστον
547 512 602 584 ἔχει
618 514 664 566 τοῦ
682 509 757 584 ἀέρος
772 510 818 582 τῆν
833 509 961 581 ἀνοπνοῆν
969 535 978 575 5

81 605 124 664 Τίς
139 609 159 662 ’ὁ
180 606 261 664 ἐνθεὶς
280 607 384 679 παλμάν
403 607 507 681 καρδίας
528 609 712 671 ἁδιάλειπτανς
736 607 774 665 τίς
794 610 809 663 ὅ
830 609 922 664 διελὼν
943 609 980 666 είς

82 702 187 774 φλέβας
207 705 249 760 καί
262 705 383 778 ἀρτηρίας
402 702 549 769 τοσαύταςς
569 707 609 763 τίς
628 707 643 759 ὁ
662 708 716 763 τοῖς
735 703 832 778 νεύροις
847 706 880 762 τὰ
900 705 980 760 ἀστία

83 802 176 872 σοφῶς
197 802 310 874 ε’νείραςς
337 801 377 860 τίς
397 805 413 857 δ
433 803 479 874 τῆς
497 804 598 876 τροφῆς
617 805 693 874 μέρος
714 803 760 873 μὲν
780 803 816 859 είς
834 802 981 858 ὑπόστασιν

83 895 150 960 δούς,
164 895 242 970 με’ρος
259 899 287 953 δι’
306 897 343 955 εἶς
355 897 505 971 εὐσχήμονα
518 898 647 971 διάκρισιν
661 899 807 971 διακρίναςς
826 901 867 954 καί
886 901 918 954 τά
935 900 981 969 τῆς

83 992 268 1066 ἀσχημοσύνης
288 995 354 1067 μελη
375 996 403 1052 ἐν
423 997 626 1069 εὐσχημοτὲροις
647 995 801 1069 ἀποκρύψας
817 999 922 1059 τόποιςς
941 999 982 1055 τίς

82 1094 236 1161 μελλουσαν
254 1093 383 1149 ἐκλείπειν
400 1092 447 1163 τῆν
464 1098 515 1147 τῶν
536 1092 677 1167 ἀνθρώπων
698 1092 783 1166 φύσιν
806 1092 839 1148 δι’
862 1094 982 1152 εὐτελοῦς

83 1191 213 1246 κοινωνίας
226 1189 423 1245 ἀκατάπαυστον
437 1188 636 1260 σννεστῆσατος

96 1336 99 1342 .
123 1286 173 1342 23.
194 1285 238 1354 Μῆ
255 1285 317 1358 λε’γε
335 1307 380 1354 μοι
401 1289 432 1342 τὸ
454 1291 530 1357 σῶμα
546 1289 681 1360 ποριιίτιον
696 1289 819 1360 ἁμαρτίας
835 1285 908 1343 εἶναι.
950 1288 982 1342 El

83 1381 135 1455 γάρ
153 1383 183 1436 τδ
202 1386 278 1452 σῶμα
294 1384 340 1453 τῆς
357 1383 481 1456 ἁμαρτίας
504 1380 595 1448 α’ίτιον,
614 1385 657 1440 διά
674 1385 700 1438 τί
721 1386 808 1458 νεκρὸς
829 1386 879 1456 οὐχ
900 1389 981 1457 ἁμαρ·

84 1480 154 1532 τάνει
165 1500 174 1541 5
194 1477 313 1549 Παράθες
333 1477 413 1550 ξίφος
433 1481 466 1551 τῇ
487 1479 559 1552 δεξιᾷ
580 1486 626 1536 τοῦ
648 1485 857 1550 τετελευτηκότος
879 1481 982 1554 ἀρτίως,

85 1574 127 1629 καί
140 1575 222 1646 φόνος
235 1575 265 1629 ού
282 1575 387 1648 γίνεται.
421 1579 470 1632 Διά
486 1581 697 1648 τετελευτηκότος
717 1578 809 1651 ἀρτίως
827 1579 884 1635 νέου
899 1580 982 1647 κάλλη

85 1675 193 1727 παντοῖα
210 1670 391 1746 παρερχέσθιν,
406 1675 447 1729 καί
467 1672 587 1744 ἐπιθυμία
604 1675 724 1749 πορνείας
743 1677 773 1730 ού
786 1675 892 1750 γίνεται.
934 1678 983 1732 Διά

86 1790 130 1833 τι,·
150 1769 238 1841 ε’πειδῆ
258 1771 288 1824 τδ
306 1775 382 1841 σῶμα
397 1771 447 1843 ούχ
467 1772 606 1845 ἁμαρτάνει
624 1773 679 1828 καθ
694 1775 778 1842 ἑαυτὸ,
794 1773 864 1828 ἀλλά
882 1775 924 1830 διὰ
937 1778 983 1830 τοῦ

86 1866 206 1936 σώματος
223 1863 239 1935 ῆ
258 1863 342 1938 ψυχῆ.
363 1865 516 1940 Ἐργαλεῖόν
534 1868 592 1922 ε’στι
611 1868 641 1922 τδ
660 1873 744 1938 σῶμα,
760 1869 802 1924 καί
820 1871 909 1943 ὥσπερ
926 1872 983 1940 ίμά·

85 1985 140 2019 τιον
155 1964 196 2017 καὶ
214 1962 298 2032 στολῆ
317 1963 416 2036 ψυχῆς.
459 1961 513 2036 Κάν
531 1967 579 2035 μὲν
598 1965 648 2022 ὑπὸ
666 1963 759 2036 ταύτης
777 1968 883 2039 πορνείᾳ
900 1989 983 2040 παρα-

85 2059 156 2130 δοθῆ,
170 2061 267 2133 γίνεται
280 2059 432 2133 ἀκάθαρτον.
458 2062 502 2116 ε’ὰν
514 2062 543 2116 δὲ
557 2062 618 2134 ἁγία
631 2063 708 2135 φνχῆ
721 2062 871 2134 συνοικῆση,
886 2066 984 2137 γίνεται

86 2160 145 2215 ναὸς
155 2156 245 2227 Ἀγίου
264 2157 421 2228 Πνεύματος.
468 2159 520 2212 Οάκ
535 2159 584 2230 ἐγὼ
605 2164 684 2214 ταῦτα
702 2159 780 2232 λέγω,
794 2159 864 2215 ἀλλά
878 2164 983 2218 Παῦλος

86 2249 277 2311 ύἈπόσταλος
290 2252 398 2327 ε’ίρηκεν,
412 2256 429 2284 “
442 2255 497 2326 Οὐχ
511 2252 606 2320 οἴδατε,
621 2253 660 2310 ὅτι
673 2257 705 2310 τὰ
722 2258 829 2327 σώματα
843 2258 913 2327 ὑμῶν
927 2258 984 2314 ναὸς

85 2354 132 2406 τοῦ
151 2352 179 2406 ἐν
191 2352 251 2422 ύμῖν
263 2350 354 2425 Ἀγίου
368 2349 515 2421 Πνεύματός
528 2352 601 2407 ε’στιν
609 2350 637 2415 ;'’
662 2356 755 2423 φεῖσαι
769 2353 854 2407 τοίνυν
867 2357 913 2408 τοῦ
931 2357 983 2408 σά·

85 2470 173 2518 ματος,
190 2450 224 2507 ὣς
237 2453 299 2504 ναοῦ
313 2447 462 2518 Πνεύματος
475 2448 565 2521 Ἀγίου
578 2452 758 2521 τυγχάνοντος.
800 2449 843 2519 Μῆ
858 2448 943 2523 φύρης
957 2451 984 2506 ε’ν

86 2546 216 2618 πορνείαις
236 2545 283 2616 τῆν
303 2545 388 2617 σαρκά
406 2567 466 2600 σου.
507 2545 551 2616 Μὴ
571 2543 683 2615 μολύνρς
703 2569 753 2603 σου
773 2548 820 2617 τῆν
841 2549 985 2617 καλλίστην

86 2641 180 2712 ταύτην
193 2642 302 2713 στολῆν.
343 2641 375 2698 Et
388 2642 472 2697 δὲκαὶ
490 2643 625 2712 ε’μάλυνας,
638 2643 771 2699 ἀπύπλυνε
792 2648 836 2700 νῦν
848 2646 891 2700 διὰ
906 2668 984 2714 μετοι

87 2737 165 2795 roias·
185 2740 332 2795 ἀπόλουσαι
346 2738 394 2796 ἕως
406 2741 493 2811 καιρδς
505 2740 622 2811 παρέχει.

125 2836 174 2888 24.
196 2838 244 2892 Καὶ
267 2838 312 2891 τὸν
334 2838 393 2908 περὶ
416 2836 592 2909 σωφροσύνης
614 2840 694 2909 λόγον
719 2837 915 2910 προηγουμένως
937 2841 984 2909 μὲν

86 2930 198 2987 ἀκουέτω
219 2938 270 2988 τῶν
289 2934 449 3003 μοναζόντων
471 2936 512 2989 καί
532 2940 584 2991 τῶν
604 2932 737 3005 πορθίνων
757 2936 852 3007 τάγμα,
869 2940 920 2990 τῶν
940 2937 985 2990 τὸν

88 3029 230 3102 ίσάγγελον
241 3029 301 3094 βίον
314 3030 341 3084 ἐν
354 3031 444 3103 κόσμιρ
459 3028 660 3102 κατορθούντων.
702 3029 791 3103 Μίγος
810 3031 868 3100 ὑμῖν
881 3033 985 3088 ἀπόκει-

88 3115 131 3181 ται
153 3116 293 3198 στέφανος,
318 3127 438 3198 ἀδελφοί·
462 3127 497 3197 μῆ
520 3128 611 3198 μικρᾶς
637 3125 728 3196 ῆδονῆς
751 3127 986 3199 ἀντικαταλλάξητε

87 3228 203 3299 μεγάλην
222 3223 305 3292 ἀξίαν.
345 3223 488 3279 Ἀκούσατε
509 3229 556 3279 τοῦ
572 3222 738 3279 Ἀποστολου
758 3225 888 3298 λέγοντος,
913 3226 985 3295 “Μῆ

87 3336 127 3380 τίς
138 3324 233 3395 πόρνος
254 3321 269 3391 ῆ
288 3322 404 3391 βέβηλος
425 3322 460 3378 ὡς
471 3320 569 3381 Ἠσαῦ,
584 3318 613 3377 δς
633 3319 689 3376 ἀντὶ
701 3323 829 3394 βρώσεως
848 3327 908 3394 μιᾶς
924 3324 986 3380 ἀπί-

88 3419 150 3477 δοτο
163 3421 195 3479 τὰ
207 3421 368 3493 πρωτοτόκια
380 3415 487 3474 αὐτοῦ.”
521 3416 567 3475 Ἐν
579 3421 635 3476 ταῖς
649 3419 805 3494 ammius
817 3420 1011 3485 {momm-
1055 3450 1084 3534 Ι
