2356 3780
188 209 226 264 48
491 219 513 258 s.
529 160 648 260 cmm*
664 217 779 258 mos.

186 393 250 448 ποτέ
263 414 296 446 σε
309 387 469 462 διασῦρωσιν
488 386 618 452 Ἰουδαῖοι,
633 390 732 458 ταχέως
748 387 904 456 ἀπάντησον,
921 384 1001 445 οὕτως
1020 389 1082 460 ἐρω-

186 489 275 560 τήσας·
304 485 420 542 “Ἰωνᾶς
439 483 574 557 τριημερος
594 486 644 540 ἀπδ
669 483 761 555 κήτους
781 485 885 555 ἐξῆλθε,
907 487 948 541 καὶ
969 488 1083 557 Χριστὸς

186 585 321 660 τριήρερος
344 583 395 638 ἀπὸ
416 584 463 655 γῆς
479 579 529 654 ἀρα
546 583 592 637 οὐκ
612 581 767 656 ἐγηγερται;
788 587 845 637 Τῶν
864 582 963 638 ὀστέων
986 582 1080 638 Ἐλισ-

158 670 161 682 ¹
187 683 264 738 σαίου
277 682 364 752 νεκρὸς
377 680 511 750 ἁψόμενος
529 677 672 752 ἐγήγερται·
694 682 735 735 καὶ
753 683 768 734 ό
782 685 833 734 τῶν
845 679 987 753 ἀνθρώπων
999 689 1079 748 Ποιη-

186 779 238 848 ιὴς,
255 779 357 848 δυνάμει
371 778 472 848 Πατρὸς
486 774 527 847 ἀρ’
542 777 601 847 οὐχὶ
616 779 719 848 μᾶλλον
733 777 907 849 εὐκοπώτερον
920 777 1045 852 ἐγείρεται
1053 773 1080 840 ,·”

187 873 295 944 Ἀνέστη
308 874 394 929 τοίνυν
407 872 517 942 ἀληθῶς·
539 874 579 928 καί
600 873 722 936 ἀναστάς,
744 875 824 929 πάλιν
843 871 919 945 ὤφθη
933 878 987 930 τοῖς
1000 873 1079 944 μαθη·

185 977 248 1029 τοῖς.
283 974 324 1026 καὶ
342 971 469 1042 μάρτυρες
487 969 564 1023 αὐτοῦ
586 973 631 1039 τῆς
652 971 821 1028 ἀναστάσεως
840 969 950 1041 μαθῆται
971 973 1078 1038 δώδεκα,

185 1071 216 1124 οῦ
233 1071 323 1141 λόγοις
341 1067 536 1139 κεχαρισμένοις
551 1067 769 1139 μαρτυρήσαντες,
785 1069 857 1123 ἀλλὰ
869 1069 946 1141 μέχρι
958 1069 1083 1133 βασάνων
1171 1124 1173 1131 ,

185 1167 226 1220 καί
252 1165 366 1220 θανάτων
392 1163 451 1235 περὶ
477 1165 522 1232 τῆς
548 1162 661 1232 ἀληθοῦς
687 1163 855 1221 ἀναστάσεως
884 1166 1079 1236 ἀγωνισάμενοι.

186 1258 256 1326 Είτα,
283 1263 355 1317 “ἐπὶ
379 1263 507 1330 στόματος
530 1261 576 1329 μέν
596 1259 642 1315 δῦο
663 1261 798 1333 μάρτυρων
820 1263 861 1316 καὶ
882 1266 960 1333 τριῶν
984 1262 1079 1332 σταθή-

186 1379 260 1413 σεται
276 1360 327 1412 πάν
344 1355 436 1430 ῥῆμα,”
451 1357 514 1411 κατὰ
532 1356 578 1426 τὴν
590 1356 702 1430 γραφήν·
724 1355 820 1413 δώδεκα
839 1360 866 1414 δέ
886 1363 917 1429 τῇ
937 1360 1077 1415 ἀναστάσει

185 1459 230 1509 τοῦ
254 1459 368 1527 Χριστοῦ
392 1458 559 1526 μαρτυροῦσι,
582 1456 623 1508 καί
647 1452 696 1526 ἀρα
719 1456 756 1509 ἐτι
778 1458 843 1527 πρὸς
866 1457 912 1525 τὴν
935 1455 1078 1511 ἀνάστασιν

185 1553 302 1608 ἀπιστεῖς
312 1574 321 1613 ,·

488 1697 559 1740 ΠΕΡΙ
576 1697 774 1742 ΑΝΑΛΗΨΕΩΣ.

226 1810 272 1863 13.
294 1810 343 1863 Τδν
357 1811 450 1881 δρόμον
463 1811 490 1864 δέ
510 1813 555 1880 τῆς
573 1811 701 1881 ὑπομονῆς
720 1811 830 1869 τελέσας
842 1811 951 1881 Ἰησοῦς,
966 1811 1080 1868 καὶτοὺς

185 1905 334 1977 ἀνθρώπους
347 1907 546 1977 λυτρωσάμενος
563 1912 613 1962 τῶν
631 1906 768 1978 ἀμαρτιῶν,
782 1907 860 1977 ἀνέβη
878 1908 957 1962 πάλιν
971 1908 1007 1964 είς
1020 1909 1080 1964 τοὺς

185 2002 314 2075 οὗρανοῦς,
341 2001 453 2074 νεφέλης
479 2004 556 2058 αάτδν
581 2002 774 2073 ῦπολαβοῦσης.
825 2006 877 2060 Καὶ
900 2005 1007 2078 ἀγγελοι
1033 2005 1080 2075 μέν

184 2101 279 2155 ἀνιόντι
300 2099 526 2172 παρειστήκεισαν,
549 2099 694 2154 ἀπόστολοι
714 2101 743 2155 δέ
764 2100 896 2173 ἐθεώρουν.
939 2103 971 2157 m
992 2102 1021 2158 δέ
1040 2125 1079 2160 τις

184 2201 238 2253 τοῖς
250 2197 398 2269 λεγομένοις
412 2197 525 2266 ἀπιστεῖ,
545 2197 608 2267 αὐτῇ
628 2197 771 2253 πιστευέτω
791 2203 822 2269 τῇ
843 2197 947 2268 δυνάμει
966 2205 1017 2255 τῶν
1036 2205 1080 2255 νῦν

184 2293 360 2363 βλεπομένων.
402 2297 501 2351 Πάντες
520 2296 545 2349 οί
569 2296 690 2356 βασιλεῖς
713 2288 882 2352 τελευτῶντες
897 2299 1078 2362 συναποσβεν-

185 2391 274 2447 νῦουσι
295 2396 326 2461 τῇ
345 2393 396 2463 ζωῇ
411 2393 452 2446 καὶ
471 2391 518 2460 τὴν
538 2388 650 2462 δύναμιν·
673 2394 786 2466 Χριστὸς
804 2393 831 2447 δέ
853 2392 1011 2465 σταυρωθεὶς
1029 2394 1080 2449 ὑπὸ

183 2489 269 2557 πάσης
281 2493 464 2560 προσκυνεῖται
477 2491 522 2558 τῆς
536 2489 689 2558 οἰκουμένης.
718 2491 767 2545 Τὸν
781 2487 973 2561 ἐσταυρωμένον
987 2511 1079 2562 κατιιγ-

183 2588 322 2658 γελλόμεν,
337 2587 378 2640 καὶ
397 2585 536 2657 τρέμουσιν
554 2587 579 2639 οί
598 2586 723 2656 δαίμονες.
765 2587 868 2640 Πολλοὶ
889 2587 952 2639 κατὰ
971 2590 1080 2658 χρόνους

184 2681 392 2754 ἐσταυρώθησαν·
423 2683 493 2736 ἀλλὰ
517 2683 593 2736 ποίου
617 2682 809 2755 σταυρωθέντος
836 2680 971 2750 ἐπίκλησις
992 2683 1079 2755 ἐτέρου

183 2781 245 2834 ποτέ
259 2781 318 2836 τοῦς
332 2780 451 2848 δαίμονας
464 2777 604 2848 ἀπηλασετ

224 2877 270 2932 14.
293 2877 336 2946 Μὴ
353 2877 439 2931 τοίνυν
462 2874 675 2946 ἐπαισχυνθῶμευ
695 2880 731 2949 τῷ
755 2877 859 2948 σταυρῷ
884 2878 930 2928 τοῦ
953 2879 1077 2947 Χριστοῦ·

183 2971 253 3026 ἀλλὰ
268 2970 314 3045 κᾷν
327 2973 409 3030 ἀλλος
426 2971 586 3046 ἀποκρύπτῃ,
601 2972 636 3027 σὺ
652 2973 770 3043 φανερῶς
786 2971 828 3026 ἐπὶ
841 2973 951 3046 μετώπῳ
965 2974 1081 3045 σφραγί·

184 3071 236 3137 ζου,
251 3068 292 3124 ἵνα
306 3073 330 3124 οί
345 3071 470 3140 δαίμονες,
485 3072 515 3125 τὸ
531 3073 636 3140 σημεῖον
658 3068 754 3124 ἰδόντες
772 3071 802 3122 Τὸ
819 3071 968 3136 βασιλικὸν,
983 3071 1082 3142 μακρὰν

182 3162 290 3237 φῦγωσι
308 3169 452 3239 τρέμοντες.
494 3168 568 3222 Ποίει
591 3166 619 3221 δέ
638 3169 715 3220 τοῦτο
737 3165 768 3218 τδ
789 3170 903 3235 σημεῖον,
923 3167 1019 3222 ἐσθίων
1038 3168 1080 3220 καὶ

181 3261 269 3330 πίνων,
291 3263 438 3334 καθήμενος,
462 3264 645 3334 κοιταζόμενος,
666 3262 871 3331 ἐξανιστάμενος,
892 3266 991 3329 λαλῶν,
1007 3284 1078 3333 περι-

181 3364 277 3426 πατῶν,
291 3362 448 3429 ἁπαξαπλῶς
460 3362 486 3416 ἐν
499 3361 575 3416 παντὶ
588 3362 726 3433 πράγματι.
767 3358 797 3414 ‘0
812 3361 862 3432 γάρ
877 3359 984 3415 ἐνταῦθα
999 3381 1079 3414 σταυ-
