<?xml version="1.0" encoding="UTF-8"?>
<!DOCTYPE html PUBLIC "-//W3C//DTD XHTML 1.0 Transitional//EN"
    "http://www.w3.org/TR/xhtml1/DTD/xhtml1-transitional.dtd">
<html xmlns="http://www.w3.org/1999/xhtml" xml:lang="en" lang="en">
 <head>
  <title>
</title>
<meta http-equiv="Content-Type" content="text/html;charset=utf-8" />
  <meta name='ocr-system' content='tesseract 3.04.00' />
  <meta name='ocr-capabilities' content='ocr_page ocr_carea ocr_par ocr_line ocrx_word'/>
</head>
<body>
  <div class='ocr_page' id='page_1' title='image "./defideetsymbolo00heurgoog_0116.png"; bbox 0 0 2356 3780; ppageno 0'>
   <div class='ocr_carea' id='block_1_1' title="bbox 361 208 1024 264">
    <p class='ocr_par' dir='ltr' id='par_1_1' title="bbox 361 208 1024 264">
     <span class='ocr_line' id='line_1_1' title="bbox 361 208 1024 264; baseline 0.002 -1"><span class='ocrx_word' id='word_1_1' title='bbox 361 221 396 263; x_wconf 80' lang='lat' dir='ltr'><strong>nc</strong></span> <span class='ocrx_word' id='word_1_2' title='bbox 416 222 568 263; x_wconf 73' lang='lat' dir='ltr'><strong>srusonm</strong></span> <span class='ocrx_word' id='word_1_3' title='bbox 588 221 797 264; x_wconf 74' lang='lat' dir='ltr'><strong>mosronoarrr.</strong></span> <span class='ocrx_word' id='word_1_4' title='bbox 968 208 1024 264; x_wconf 84' lang='lat'><strong>103</strong></span> 
     </span>
    </p>
   </div>
   <div class='ocr_carea' id='block_1_2' title="bbox 129 397 1083 864">
    <p class='ocr_par' dir='ltr' id='par_1_2' title="bbox 129 397 1083 864">
     <span class='ocr_line' id='line_1_2' title="bbox 130 397 1023 478; baseline 0.001 -19"><span class='ocrx_word' id='word_1_5' title='bbox 130 399 267 459; x_wconf 86' lang='lat' dir='ltr'><strong>euntibus</strong></span> <span class='ocrx_word' id='word_1_6' title='bbox 286 398 398 459; x_wconf 85' lang='lat' dir='ltr'><strong>Judaeis</strong></span> <span class='ocrx_word' id='word_1_7' title='bbox 418 398 591 458; x_wconf 80' lang='lat' dir='ltr'><strong>simulabant</strong></span> <span class='ocrx_word' id='word_1_8' title='bbox 610 419 640 458; x_wconf 89' lang='lat' dir='ltr'><strong>se</strong></span> <span class='ocrx_word' id='word_1_9' title='bbox 660 419 721 459; x_wconf 88' lang='lat' dir='ltr'><strong>esse</strong></span> <span class='ocrx_word' id='word_1_10' title='bbox 734 397 886 478; x_wconf 79' lang='lat' dir='ltr'><strong>Apostolos</strong></span> <span class='ocrx_word' id='word_1_11' title='bbox 906 399 1023 475; x_wconf 81' lang='lat' dir='ltr'><strong>Christi,</strong></span> 
     </span>
     <span class='ocr_line' id='line_1_3' title="bbox 129 493 1025 573; baseline 0.001 -19"><span class='ocrx_word' id='word_1_12' title='bbox 129 497 161 554; x_wconf 87' lang='lat' dir='ltr'><strong>et</strong></span> <span class='ocrx_word' id='word_1_13' title='bbox 172 493 247 554; x_wconf 91' lang='lat' dir='ltr'><strong>lucri</strong></span> <span class='ocrx_word' id='word_1_14' title='bbox 260 494 384 571; x_wconf 86' lang='lat' dir='ltr'><strong>alicujus</strong></span> <span class='ocrx_word' id='word_1_15' title='bbox 397 495 445 553; x_wconf 87' lang='lat' dir='ltr'><strong>vel</strong></span> <span class='ocrx_word' id='word_1_16' title='bbox 458 495 567 554; x_wconf 89' lang='lat' dir='ltr'><strong>ventris</strong></span> <span class='ocrx_word' id='word_1_17' title='bbox 580 495 673 570; x_wconf 85' lang='lat' dir='ltr'><strong>gratia</strong></span> <span class='ocrx_word' id='word_1_18' title='bbox 686 497 722 554; x_wconf 90' lang='lat' dir='ltr'><strong>ad</strong></span> <span class='ocrx_word' id='word_1_19' title='bbox 734 495 947 573; x_wconf 86' lang='lat' dir='ltr'><strong>praedicandum</strong></span> <span class='ocrx_word' id='word_1_20' title='bbox 960 515 1025 573; x_wconf 93' lang='lat' dir='ltr'><strong>pro·</strong></span> 
     </span>
     <span class='ocr_line' id='line_1_4' title="bbox 129 589 1026 668; baseline 0.003 -20"><span class='ocrx_word' id='word_1_21' title='bbox 129 589 339 664; x_wconf 68' lang='lat' dir='ltr'><strong>ficiscebantun</strong></span> <span class='ocrx_word' id='word_1_22' title='bbox 361 590 541 650; x_wconf 74' lang='lat' dir='ltr'><strong>nominantes</strong></span> <span class='ocrx_word' id='word_1_23' title='bbox 567 591 685 668; x_wconf 91' lang='lat' dir='ltr'><strong>quidem</strong></span> <span class='ocrx_word' id='word_1_24' title='bbox 709 591 864 666; x_wconf 78' lang='lat' dir='ltr'><strong>Christum,</strong></span> <span class='ocrx_word' id='word_1_25' title='bbox 891 593 941 652; x_wconf 90' lang='lat' dir='ltr'><strong>sed</strong></span> <span class='ocrx_word' id='word_1_26' title='bbox 966 611 1026 651; x_wconf 89' lang='lat' dir='ltr'><strong>non</strong></span> 
     </span>
     <span class='ocr_line' id='line_1_5' title="bbox 129 686 1025 764; baseline 0 -17"><span class='ocrx_word' id='word_1_27' title='bbox 129 686 251 764; x_wconf 84' lang='lat' dir='ltr'><strong>integris</strong></span> <span class='ocrx_word' id='word_1_28' title='bbox 273 687 461 747; x_wconf 78' lang='lat' dir='ltr'><strong>traditionum</strong></span> <span class='ocrx_word' id='word_1_29' title='bbox 483 688 567 747; x_wconf 83' lang='lat' dir='ltr'><strong>lineis</strong></span> <span class='ocrx_word' id='word_1_30' title='bbox 590 688 769 750; x_wconf 76' lang='lat' dir='ltr'><strong>nunciantes.</strong></span> <span class='ocrx_word' id='word_1_31' title='bbox 810 688 923 749; x_wconf 88' lang='lat' dir='ltr'><strong>Idcirco</strong></span> <span class='ocrx_word' id='word_1_32' title='bbox 945 689 1025 749; x_wconf 89' lang='lat' dir='ltr'><strong>istud</strong></span> 
     </span>
     <span class='ocr_line' id='line_1_6' title="bbox 129 781 1083 864; baseline 0.003 -23"><span class='ocrx_word' id='word_1_33' title='bbox 129 782 269 842; x_wconf 90' lang='lat' dir='ltr'><strong>indicium</strong></span> <span class='ocrx_word' id='word_1_34' title='bbox 287 803 416 861; x_wconf 90' lang='lat' dir='ltr'><strong>posuere,</strong></span> <span class='ocrx_word' id='word_1_35' title='bbox 431 803 484 861; x_wconf 91' lang='lat' dir='ltr'><strong>per</strong></span> <span class='ocrx_word' id='word_1_36' title='bbox 497 784 574 860; x_wconf 89' lang='lat' dir='ltr'><strong>quod</strong></span> <span class='ocrx_word' id='word_1_37' title='bbox 593 789 794 858; x_wconf 77' lang='lat' dir='ltr'><strong>agnosceretur</strong></span> <span class='ocrx_word' id='word_1_38' title='bbox 812 781 838 844; x_wconf 88' lang='lat' dir='ltr'><strong>is</strong></span> <span class='ocrx_word' id='word_1_39' title='bbox 857 785 909 864; x_wconf 90' lang='lat' dir='ltr'><strong>qui</strong></span> <span class='ocrx_word' id='word_1_40' title='bbox 928 784 1025 845; x_wconf 73' lang='lat' dir='ltr'><strong>Chris·</strong></span> <span class='ocrx_word' id='word_1_41' title='bbox 1078 820 1083 831; x_wconf 91' lang='lat'><em>·</em></span> 
     </span>
    </p>
   </div>
   <div class='ocr_carea' id='block_1_3' title="bbox 10 879 1024 956">
    <p class='ocr_par' dir='ltr' id='par_1_3' title="bbox 10 879 1024 956">
     <span class='ocr_line' id='line_1_7' title="bbox 10 879 1024 956; baseline 0.003 -18"><span class='ocrx_word' id='word_1_42' title='bbox 10 899 13 905; x_wconf 94' lang='lat'><em>·</em></span> <span class='ocrx_word' id='word_1_43' title='bbox 128 882 193 939; x_wconf 85' lang='lat' dir='ltr'><strong>turn</strong></span> <span class='ocrx_word' id='word_1_44' title='bbox 218 898 286 938; x_wconf 88' lang='lat' dir='ltr'><strong>vere</strong></span> <span class='ocrx_word' id='word_1_45' title='bbox 313 879 471 938; x_wconf 89' lang='lat' dir='ltr'><strong>secundum</strong></span> <span class='ocrx_word' id='word_1_46' title='bbox 496 879 677 956; x_wconf 90' lang='lat' dir='ltr'><strong>Apostolicas</strong></span> <span class='ocrx_word' id='word_1_47' title='bbox 706 880 822 956; x_wconf 88' lang='lat' dir='ltr'><strong>regulas</strong></span> <span class='ocrx_word' id='word_1_48' title='bbox 846 881 1024 956; x_wconf 79' lang='lat' dir='ltr'><strong>praedicaret.</strong></span> 
     </span>
    </p>
   </div>
   <div class='ocr_carea' id='block_1_4' title="bbox 127 973 1026 1628">
    <p class='ocr_par' dir='ltr' id='par_1_4' title="bbox 127 973 1026 1628">
     <span class='ocr_line' id='line_1_8' title="bbox 128 973 1023 1051; baseline 0.001 -18"><span class='ocrx_word' id='word_1_49' title='bbox 128 973 263 1051; x_wconf 85' lang='lat' dir='ltr'><strong>Denique</strong></span> <span class='ocrx_word' id='word_1_50' title='bbox 286 974 370 1034; x_wconf 89' lang='lat' dir='ltr'><strong>etin</strong></span> <span class='ocrx_word' id='word_1_51' title='bbox 392 974 478 1033; x_wconf 87' lang='lat' dir='ltr'><strong>bellis</strong></span> <span class='ocrx_word' id='word_1_52' title='bbox 501 974 635 1034; x_wconf 89' lang='lat' dir='ltr'><strong>civilibus</strong></span> <span class='ocrx_word' id='word_1_53' title='bbox 661 975 715 1034; x_wconf 93' lang='lat' dir='ltr'><strong>hoc</strong></span> <span class='ocrx_word' id='word_1_54' title='bbox 738 975 882 1034; x_wconf 89' lang='lat' dir='ltr'><strong>observari</strong></span> <span class='ocrx_word' id='word_1_55' title='bbox 905 977 1023 1036; x_wconf 85' lang='lat' dir='ltr'><strong>ferunt:</strong></span> 
     </span>
     <span class='ocr_line' id='line_1_9' title="bbox 128 1069 1023 1147; baseline -0.002 -17"><span class='ocrx_word' id='word_1_56' title='bbox 128 1069 265 1147; x_wconf 89' lang='lat' dir='ltr'><strong>quoniam</strong></span> <span class='ocrx_word' id='word_1_57' title='bbox 285 1074 315 1129; x_wconf 90' lang='lat' dir='ltr'><strong>et</strong></span> <span class='ocrx_word' id='word_1_58' title='bbox 330 1089 474 1128; x_wconf 88' lang='lat' dir='ltr'><strong>armorum</strong></span> <span class='ocrx_word' id='word_1_59' title='bbox 489 1069 606 1129; x_wconf 89' lang='lat' dir='ltr'><strong>habitus</strong></span> <span class='ocrx_word' id='word_1_60' title='bbox 623 1090 683 1147; x_wconf 89' lang='lat' dir='ltr'><strong>par,</strong></span> <span class='ocrx_word' id='word_1_61' title='bbox 699 1074 729 1130; x_wconf 91' lang='lat' dir='ltr'><strong>et</strong></span> <span class='ocrx_word' id='word_1_62' title='bbox 747 1089 832 1129; x_wconf 90' lang='lat' dir='ltr'><strong>sonus</strong></span> <span class='ocrx_word' id='word_1_63' title='bbox 845 1069 923 1129; x_wconf 88' lang='lat' dir='ltr'><strong>vocis</strong></span> <span class='ocrx_word' id='word_1_64' title='bbox 937 1070 1023 1144; x_wconf 90' lang='lat' dir='ltr'><strong>idem,</strong></span> 
     </span>
     <span class='ocr_line' id='line_1_10' title="bbox 127 1165 1026 1243; baseline 0.001 -19"><span class='ocrx_word' id='word_1_65' title='bbox 127 1170 159 1225; x_wconf 88' lang='lat' dir='ltr'><strong>et</strong></span> <span class='ocrx_word' id='word_1_66' title='bbox 178 1185 240 1224; x_wconf 87' lang='lat' dir='ltr'><strong>mos</strong></span> <span class='ocrx_word' id='word_1_67' title='bbox 261 1185 338 1224; x_wconf 90' lang='lat' dir='ltr'><strong>nnus</strong></span> <span class='ocrx_word' id='word_1_68' title='bbox 361 1168 414 1238; x_wconf 90' lang='lat' dir='ltr'><strong>est,</strong></span> <span class='ocrx_word' id='word_1_69' title='bbox 438 1170 525 1243; x_wconf 87' lang='lat' dir='ltr'><strong>atque</strong></span> <span class='ocrx_word' id='word_1_70' title='bbox 549 1166 648 1224; x_wconf 89' lang='lat' dir='ltr'><strong>eadem</strong></span> <span class='ocrx_word' id='word_1_71' title='bbox 669 1165 805 1226; x_wconf 85' lang='lat' dir='ltr'><strong>instituta</strong></span> <span class='ocrx_word' id='word_1_72' title='bbox 829 1165 965 1240; x_wconf 88' lang='lat' dir='ltr'><strong>bellandi,</strong></span> <span class='ocrx_word' id='word_1_73' title='bbox 989 1186 1026 1225; x_wconf 91' lang='lat' dir='ltr'><strong>ne</strong></span> 
     </span>
     <span class='ocr_line' id='line_1_11' title="bbox 128 1260 1026 1339; baseline 0.002 -19"><span class='ocrx_word' id='word_1_74' title='bbox 128 1276 187 1339; x_wconf 87' lang='lat' dir='ltr'><strong>qua</strong></span> <span class='ocrx_word' id='word_1_75' title='bbox 206 1260 266 1319; x_wconf 92' lang='lat' dir='ltr'><strong>doli</strong></span> <span class='ocrx_word' id='word_1_76' title='bbox 285 1261 431 1337; x_wconf 87' lang='lat' dir='ltr'><strong>subreptio</strong></span> <span class='ocrx_word' id='word_1_77' title='bbox 450 1261 512 1332; x_wconf 87' lang='lat' dir='ltr'><strong>fiat,</strong></span> <span class='ocrx_word' id='word_1_78' title='bbox 526 1262 655 1338; x_wconf 85' lang='lat' dir='ltr'><strong>symbola</strong></span> <span class='ocrx_word' id='word_1_79' title='bbox 674 1261 810 1322; x_wconf 73' lang='lat' dir='ltr'><strong>distinda</strong></span> <span class='ocrx_word' id='word_1_80' title='bbox 828 1262 1026 1339; x_wconf 89' lang='lat' dir='ltr'><strong>unusquisque</strong></span> 
     </span>
     <span class='ocr_line' id='line_1_12' title="bbox 127 1356 1024 1434; baseline 0.001 -19"><span class='ocrx_word' id='word_1_81' title='bbox 127 1357 191 1415; x_wconf 85' lang='lat' dir='ltr'><strong>dux</strong></span> <span class='ocrx_word' id='word_1_82' title='bbox 203 1356 263 1414; x_wconf 90' lang='lat' dir='ltr'><strong>suis</strong></span> <span class='ocrx_word' id='word_1_83' title='bbox 277 1356 418 1416; x_wconf 89' lang='lat' dir='ltr'><strong>militibus</strong></span> <span class='ocrx_word' id='word_1_84' title='bbox 431 1357 530 1430; x_wconf 86' lang='lat' dir='ltr'><strong>tradit,</strong></span> <span class='ocrx_word' id='word_1_85' title='bbox 544 1377 609 1434; x_wconf 84' lang='lat' dir='ltr'><strong>qnae</strong></span> <span class='ocrx_word' id='word_1_86' title='bbox 619 1357 722 1417; x_wconf 88' lang='lat' dir='ltr'><strong>Latine</strong></span> <span class='ocrx_word' id='word_1_87' title='bbox 738 1361 757 1391; x_wconf 74' lang='lat'><strong>‘⁶</strong></span> <span class='ocrx_word' id='word_1_88' title='bbox 767 1357 877 1432; x_wconf 85' lang='lat' dir='ltr'><strong>signa,”</strong></span> <span class='ocrx_word' id='word_1_89' title='bbox 889 1358 937 1416; x_wconf 89' lang='lat' dir='ltr'><strong>vel</strong></span> <span class='ocrx_word' id='word_1_90' title='bbox 950 1361 968 1391; x_wconf 74' lang='lat'><strong>‘⁶</strong></span> <span class='ocrx_word' id='word_1_91' title='bbox 978 1357 1024 1416; x_wconf 92' lang='lat' dir='ltr'><strong>in-</strong></span> 
     </span>
     <span class='ocr_line' id='line_1_13' title="bbox 129 1451 1025 1531; baseline 0.004 -21"><span class='ocrx_word' id='word_1_92' title='bbox 129 1451 228 1511; x_wconf 89' lang='lat' dir='ltr'><strong>dicia&#39;&#39;</strong></span> <span class='ocrx_word' id='word_1_93' title='bbox 244 1456 465 1528; x_wconf 83' lang='lat' dir='ltr'><strong>nuncupantur3</strong></span> <span class='ocrx_word' id='word_1_94' title='bbox 486 1456 521 1512; x_wconf 90' lang='lat' dir='ltr'><strong>ut</strong></span> <span class='ocrx_word' id='word_1_95' title='bbox 541 1452 566 1512; x_wconf 93' lang='lat' dir='ltr'><strong>si</strong></span> <span class='ocrx_word' id='word_1_96' title='bbox 579 1454 653 1513; x_wconf 88' lang='lat' dir='ltr'><strong>forte</strong></span> <span class='ocrx_word' id='word_1_97' title='bbox 673 1453 828 1513; x_wconf 84' lang='lat' dir='ltr'><strong>occurrerit</strong></span> <span class='ocrx_word' id='word_1_98' title='bbox 838 1453 906 1530; x_wconf 35' lang='lat' dir='ltr'><strong>⁸quis</strong></span> <span class='ocrx_word' id='word_1_99' title='bbox 918 1454 954 1512; x_wconf 89' lang='lat' dir='ltr'><strong>de</strong></span> <span class='ocrx_word' id='word_1_100' title='bbox 968 1474 1025 1531; x_wconf 91' lang='lat' dir='ltr'><strong>quc</strong></span> 
     </span>
     <span class='ocr_line' id='line_1_14' title="bbox 127 1549 1026 1628; baseline 0.004 -20"><span class='ocrx_word' id='word_1_101' title='bbox 127 1549 287 1622; x_wconf 87' lang='lat' dir='ltr'><strong>dubitetur,</strong></span> <span class='ocrx_word' id='word_1_102' title='bbox 303 1549 497 1625; x_wconf 85' lang='lat' dir='ltr'><strong>interrogatus</strong></span> <span class='ocrx_word' id='word_1_103' title='bbox 517 1550 689 1626; x_wconf 85' lang='lat' dir='ltr'><strong>symbolum,</strong></span> <span class='ocrx_word' id='word_1_104' title='bbox 710 1550 813 1628; x_wconf 86' lang='lat' dir='ltr'><strong>prodat</strong></span> <span class='ocrx_word' id='word_1_105' title='bbox 833 1551 857 1609; x_wconf 93' lang='lat' dir='ltr'><strong>si</strong></span> <span class='ocrx_word' id='word_1_106' title='bbox 877 1550 916 1610; x_wconf 89' lang='lat' dir='ltr'><strong>sit</strong></span> <span class='ocrx_word' id='word_1_107' title='bbox 934 1551 1026 1612; x_wconf 89' lang='lat' dir='ltr'><strong>hostis</strong></span> 
     </span>
    </p>
   </div>
   <div class='ocr_carea' id='block_1_5' title="bbox 10 1644 1025 1725">
    <p class='ocr_par' dir='ltr' id='par_1_5' title="bbox 10 1644 1025 1725">
     <span class='ocr_line' id='line_1_15' title="bbox 10 1644 1025 1725; baseline 0.003 -21"><span class='ocrx_word' id='word_1_108' title='bbox 10 1646 12 1649; x_wconf 73' lang='grc'>’</span> <span class='ocrx_word' id='word_1_109' title='bbox 125 1645 174 1704; x_wconf 85' lang='lat' dir='ltr'><strong>vel</strong></span> <span class='ocrx_word' id='word_1_110' title='bbox 195 1645 296 1703; x_wconf 89' lang='lat' dir='ltr'><strong>socius.</strong></span> <span class='ocrx_word' id='word_1_111' title='bbox 338 1644 450 1703; x_wconf 89' lang='lat' dir='ltr'><strong>Idcirco</strong></span> <span class='ocrx_word' id='word_1_112' title='bbox 470 1645 595 1722; x_wconf 89' lang='lat' dir='ltr'><strong>denique</strong></span> <span class='ocrx_word' id='word_1_113' title='bbox 616 1646 679 1706; x_wconf 86' lang='lat' dir='ltr'><strong>haec</strong></span> <span class='ocrx_word' id='word_1_114' title='bbox 702 1666 761 1706; x_wconf 93' lang='lat' dir='ltr'><strong>non</strong></span> <span class='ocrx_word' id='word_1_115' title='bbox 782 1646 867 1707; x_wconf 90' lang='lat' dir='ltr'><strong>scribi</strong></span> <span class='ocrx_word' id='word_1_116' title='bbox 886 1647 1025 1725; x_wconf 79' lang='lat' dir='ltr'><strong>chartulis</strong></span> 
     </span>
    </p>
   </div>
   <div class='ocr_carea' id='block_1_6' title="bbox 121 1739 1024 2778">
    <p class='ocr_par' dir='ltr' id='par_1_6' title="bbox 121 1739 1024 2778">
     <span class='ocr_line' id='line_1_16' title="bbox 126 1739 1024 1814; baseline 0.004 -15"><span class='ocrx_word' id='word_1_117' title='bbox 126 1744 178 1800; x_wconf 87' lang='lat' dir='ltr'><strong>aut</strong></span> <span class='ocrx_word' id='word_1_118' title='bbox 200 1739 383 1814; x_wconf 88' lang='lat' dir='ltr'><strong>membranis,</strong></span> <span class='ocrx_word' id='word_1_119' title='bbox 404 1741 454 1799; x_wconf 90' lang='lat' dir='ltr'><strong>sed</strong></span> <span class='ocrx_word' id='word_1_120' title='bbox 474 1741 594 1800; x_wconf 86' lang='lat' dir='ltr'><strong>retineri</strong></span> <span class='ocrx_word' id='word_1_121' title='bbox 612 1741 790 1802; x_wconf 87' lang='lat' dir='ltr'><strong>credentium</strong></span> <span class='ocrx_word' id='word_1_122' title='bbox 811 1739 943 1802; x_wconf 86' lang='lat' dir='ltr'><strong>cordibus</strong></span> <span class='ocrx_word' id='word_1_123' title='bbox 965 1748 1024 1805; x_wconf 89' lang='lat' dir='ltr'><strong>tra·</strong></span> 
     </span>
     <span class='ocr_line' id='line_1_17' title="bbox 124 1837 1021 1915; baseline 0.004 -19"><span class='ocrx_word' id='word_1_124' title='bbox 124 1837 269 1910; x_wconf 87' lang='lat' dir='ltr'><strong>didernnt,</strong></span> <span class='ocrx_word' id='word_1_125' title='bbox 292 1842 328 1897; x_wconf 90' lang='lat' dir='ltr'><strong>ut</strong></span> <span class='ocrx_word' id='word_1_126' title='bbox 348 1840 459 1896; x_wconf 89' lang='lat' dir='ltr'><strong>certum</strong></span> <span class='ocrx_word' id='word_1_127' title='bbox 479 1841 562 1910; x_wconf 91' lang='lat' dir='ltr'><strong>esset,</strong></span> <span class='ocrx_word' id='word_1_128' title='bbox 584 1838 648 1896; x_wconf 88' lang='lat' dir='ltr'><strong>haec</strong></span> <span class='ocrx_word' id='word_1_129' title='bbox 666 1837 812 1898; x_wconf 88' lang='lat' dir='ltr'><strong>neminem</strong></span> <span class='ocrx_word' id='word_1_130' title='bbox 831 1859 869 1899; x_wconf 85' lang='lat' dir='ltr'><strong>ex</strong></span> <span class='ocrx_word' id='word_1_131' title='bbox 888 1839 1021 1915; x_wconf 90' lang='lat' dir='ltr'><strong>lectione,</strong></span> 
     </span>
     <span class='ocr_line' id='line_1_18' title="bbox 125 1932 1024 2009; baseline 0.008 -18"><span class='ocrx_word' id='word_1_132' title='bbox 125 1952 191 2009; x_wconf 86' lang='lat' dir='ltr'><strong>quae</strong></span> <span class='ocrx_word' id='word_1_133' title='bbox 204 1932 350 1991; x_wconf 89' lang='lat' dir='ltr'><strong>interdum</strong></span> <span class='ocrx_word' id='word_1_134' title='bbox 363 1932 512 2009; x_wconf 84' lang='lat' dir='ltr'><strong>pervenire</strong></span> <span class='ocrx_word' id='word_1_135' title='bbox 526 1933 613 1993; x_wconf 90' lang='lat' dir='ltr'><strong>etiam</strong></span> <span class='ocrx_word' id='word_1_136' title='bbox 627 1935 663 1993; x_wconf 89' lang='lat' dir='ltr'><strong>ad</strong></span> <span class='ocrx_word' id='word_1_137' title='bbox 676 1933 808 1995; x_wconf 86' lang='lat' dir='ltr'><strong>infideles</strong></span> <span class='ocrx_word' id='word_1_138' title='bbox 826 1936 905 2009; x_wconf 89' lang='lat' dir='ltr'><strong>solet,</strong></span> <span class='ocrx_word' id='word_1_139' title='bbox 923 1937 972 1995; x_wconf 91' lang='lat' dir='ltr'><strong>sed</strong></span> <span class='ocrx_word' id='word_1_140' title='bbox 985 1957 1024 1998; x_wconf 84' lang='lat' dir='ltr'><strong>ex</strong></span> 
     </span>
     <span class='ocr_line' id='line_1_19' title="bbox 123 2028 1023 2108; baseline 0.007 -21"><span class='ocrx_word' id='word_1_141' title='bbox 123 2029 327 2106; x_wconf 81' lang='lat' dir='ltr'><strong>Apostolorum</strong></span> <span class='ocrx_word' id='word_1_142' title='bbox 339 2028 495 2088; x_wconf 86' lang='lat' dir='ltr'><strong>traditione</strong></span> <span class='ocrx_word' id='word_1_143' title='bbox 509 2029 651 2090; x_wconf 86' lang='lat' dir='ltr'><strong>didicisse.</strong></span> <span class='ocrx_word' id='word_1_144' title='bbox 692 2030 853 2090; x_wconf 88' lang='lat' dir='ltr'><strong>Discessuri</strong></span> <span class='ocrx_word' id='word_1_145' title='bbox 873 2031 971 2108; x_wconf 81' lang='lat' dir='ltr'><strong>igitur,</strong></span> <span class='ocrx_word' id='word_1_146' title='bbox 987 2039 1023 2094; x_wconf 91' lang='lat' dir='ltr'><strong>ut</strong></span> 
     </span>
     <span class='ocr_line' id='line_1_20' title="bbox 124 2124 1023 2200; baseline 0.007 -18"><span class='ocrx_word' id='word_1_147' title='bbox 124 2124 261 2198; x_wconf 86' lang='lat' dir='ltr'><strong>diximus,</strong></span> <span class='ocrx_word' id='word_1_148' title='bbox 284 2125 321 2182; x_wconf 90' lang='lat' dir='ltr'><strong>ad</strong></span> <span class='ocrx_word' id='word_1_149' title='bbox 339 2124 563 2200; x_wconf 83' lang='lat' dir='ltr'><strong>praedicandum,</strong></span> <span class='ocrx_word' id='word_1_150' title='bbox 585 2125 665 2185; x_wconf 87' lang='lat' dir='ltr'><strong>istud</strong></span> <span class='ocrx_word' id='word_1_151' title='bbox 685 2126 885 2185; x_wconf 83' lang='lat' dir='ltr'><strong>unanimitatis</strong></span> <span class='ocrx_word' id='word_1_152' title='bbox 905 2132 936 2187; x_wconf 86' lang='lat' dir='ltr'><strong>et</strong></span> <span class='ocrx_word' id='word_1_153' title='bbox 954 2129 1023 2188; x_wconf 84' lang='lat' dir='ltr'><strong>fidei</strong></span> 
     </span>
     <span class='ocr_line' id='line_1_21' title="bbox 123 2219 1022 2297; baseline 0.003 -17"><span class='ocrx_word' id='word_1_154' title='bbox 123 2239 184 2280; x_wconf 79' lang='lat' dir='ltr'><strong>snae</strong></span> <span class='ocrx_word' id='word_1_155' title='bbox 207 2220 340 2297; x_wconf 86' lang='lat' dir='ltr'><strong>Apostoli</strong></span> <span class='ocrx_word' id='word_1_156' title='bbox 364 2219 504 2278; x_wconf 90' lang='lat' dir='ltr'><strong>indicium</strong></span> <span class='ocrx_word' id='word_1_157' title='bbox 530 2239 668 2297; x_wconf 85' lang='lat' dir='ltr'><strong>posuere:</strong></span> <span class='ocrx_word' id='word_1_158' title='bbox 698 2240 758 2278; x_wconf 90' lang='lat' dir='ltr'><strong>non</strong></span> <span class='ocrx_word' id='word_1_159' title='bbox 783 2221 859 2280; x_wconf 70' lang='lat' dir='ltr'><strong>mcut</strong></span> <span class='ocrx_word' id='word_1_160' title='bbox 883 2222 939 2281; x_wconf 87' lang='lat' dir='ltr'><strong>filii</strong></span> <span class='ocrx_word' id='word_1_161' title='bbox 959 2224 1022 2284; x_wconf 86' lang='lat' dir='ltr'><strong>Noe</strong></span> 
     </span>
     <span class='ocr_line' id='line_1_22' title="bbox 122 2314 1021 2378; baseline 0.003 -3"><span class='ocrx_word' id='word_1_162' title='bbox 122 2315 275 2376; x_wconf 81' lang='lat' dir='ltr'><strong>discessuri</strong></span> <span class='ocrx_word' id='word_1_163' title='bbox 294 2316 330 2374; x_wconf 91' lang='lat' dir='ltr'><strong>ab</strong></span> <span class='ocrx_word' id='word_1_164' title='bbox 350 2315 489 2374; x_wconf 87' lang='lat' dir='ltr'><strong>alterutro</strong></span> <span class='ocrx_word' id='word_1_165' title='bbox 503 2314 607 2374; x_wconf 89' lang='lat' dir='ltr'><strong>turrim</strong></span> <span class='ocrx_word' id='word_1_166' title='bbox 627 2335 666 2374; x_wconf 87' lang='lat' dir='ltr'><strong>ex</strong></span> <span class='ocrx_word' id='word_1_167' title='bbox 684 2315 775 2374; x_wconf 90' lang='lat' dir='ltr'><strong>latere</strong></span> <span class='ocrx_word' id='word_1_168' title='bbox 795 2320 873 2375; x_wconf 89' lang='lat' dir='ltr'><strong>cocto</strong></span> <span class='ocrx_word' id='word_1_169' title='bbox 893 2322 923 2378; x_wconf 89' lang='lat' dir='ltr'><strong>et</strong></span> <span class='ocrx_word' id='word_1_170' title='bbox 941 2319 1021 2378; x_wconf 90' lang='lat' dir='ltr'><strong>bitu-</strong></span> 
     </span>
     <span class='ocr_line' id='line_1_23' title="bbox 122 2410 1021 2488; baseline 0.003 -18"><span class='ocrx_word' id='word_1_171' title='bbox 122 2410 201 2470; x_wconf 89' lang='lat' dir='ltr'><strong>mine</strong></span> <span class='ocrx_word' id='word_1_172' title='bbox 224 2415 430 2483; x_wconf 82' lang='lat' dir='ltr'><strong>construentes,</strong></span> <span class='ocrx_word' id='word_1_173' title='bbox 460 2411 544 2486; x_wconf 88' lang='lat' dir='ltr'><strong>cujus</strong></span> <span class='ocrx_word' id='word_1_174' title='bbox 571 2429 708 2469; x_wconf 87' lang='lat' dir='ltr'><strong>cacumen</strong></span> <span class='ocrx_word' id='word_1_175' title='bbox 734 2431 826 2488; x_wconf 87' lang='lat' dir='ltr'><strong>nsque</strong></span> <span class='ocrx_word' id='word_1_176' title='bbox 852 2412 889 2470; x_wconf 89' lang='lat' dir='ltr'><strong>ad</strong></span> <span class='ocrx_word' id='word_1_177' title='bbox 916 2415 1021 2474; x_wconf 90' lang='lat' dir='ltr'><strong>coelum</strong></span> 
     </span>
     <span class='ocr_line' id='line_1_24' title="bbox 121 2505 1021 2585; baseline 0.006 -19"><span class='ocrx_word' id='word_1_178' title='bbox 121 2507 308 2585; x_wconf 81' lang='lat' dir='ltr'><strong>pertingeret,</strong></span> <span class='ocrx_word' id='word_1_179' title='bbox 325 2507 375 2565; x_wconf 88' lang='lat' dir='ltr'><strong>sed</strong></span> <span class='ocrx_word' id='word_1_180' title='bbox 391 2505 567 2565; x_wconf 90' lang='lat' dir='ltr'><strong>monimenta</strong></span> <span class='ocrx_word' id='word_1_181' title='bbox 585 2505 662 2579; x_wconf 91' lang='lat' dir='ltr'><strong>fidei,</strong></span> <span class='ocrx_word' id='word_1_182' title='bbox 678 2525 744 2583; x_wconf 83' lang='lat' dir='ltr'><strong>quae</strong></span> <span class='ocrx_word' id='word_1_183' title='bbox 758 2512 868 2567; x_wconf 90' lang='lat' dir='ltr'><strong>starent</strong></span> <span class='ocrx_word' id='word_1_184' title='bbox 886 2510 1021 2571; x_wconf 86' lang='lat' dir='ltr'><strong>adversus</strong></span> 
     </span>
     <span class='ocr_line' id='line_1_25' title="bbox 121 2600 1022 2680; baseline 0.008 -19"><span class='ocrx_word' id='word_1_185' title='bbox 121 2602 225 2662; x_wconf 83' lang='lat' dir='ltr'><strong>faciem</strong></span> <span class='ocrx_word' id='word_1_186' title='bbox 236 2600 356 2676; x_wconf 84' lang='lat' dir='ltr'><strong>inimici,</strong></span> <span class='ocrx_word' id='word_1_187' title='bbox 372 2621 388 2660; x_wconf 90' lang='lat' dir='ltr'><strong>e</strong></span> <span class='ocrx_word' id='word_1_188' title='bbox 401 2600 546 2677; x_wconf 85' lang='lat' dir='ltr'><strong>lapidibus</strong></span> <span class='ocrx_word' id='word_1_189' title='bbox 559 2601 634 2661; x_wconf 88' lang='lat' dir='ltr'><strong>vivis</strong></span> <span class='ocrx_word' id='word_1_190' title='bbox 647 2606 677 2661; x_wconf 96' lang='lat' dir='ltr'><strong>et</strong></span> <span class='ocrx_word' id='word_1_191' title='bbox 689 2603 851 2680; x_wconf 84' lang='lat' dir='ltr'><strong>margaritis</strong></span> <span class='ocrx_word' id='word_1_192' title='bbox 863 2604 1022 2667; x_wconf 90' lang='lat' dir='ltr'><strong>Dominicis</strong></span> 
     </span>
     <span class='ocr_line' id='line_1_26' title="bbox 122 2696 1022 2778; baseline 0.007 -22"><span class='ocrx_word' id='word_1_193' title='bbox 122 2697 313 2772; x_wconf 58' lang='lat' dir='ltr'><strong>aedificantem</strong></span> <span class='ocrx_word' id='word_1_194' title='bbox 334 2718 422 2776; x_wconf 90' lang='lat' dir='ltr'><strong>quam</strong></span> <span class='ocrx_word' id='word_1_195' title='bbox 441 2717 535 2775; x_wconf 88' lang='lat' dir='ltr'><strong>neque</strong></span> <span class='ocrx_word' id='word_1_196' title='bbox 554 2696 636 2756; x_wconf 88' lang='lat' dir='ltr'><strong>venti</strong></span> <span class='ocrx_word' id='word_1_197' title='bbox 653 2697 844 2775; x_wconf 86' lang='lat' dir='ltr'><strong>impellerent,</strong></span> <span class='ocrx_word' id='word_1_198' title='bbox 857 2720 951 2778; x_wconf 87' lang='lat' dir='ltr'><strong>neque</strong></span> <span class='ocrx_word' id='word_1_199' title='bbox 964 2703 1022 2762; x_wconf 89' lang='lat' dir='ltr'><strong>flu·</strong></span> 
     </span>
    </p>
   </div>
   <div class='ocr_carea' id='block_1_7' title="bbox 120 2792 1030 3447">
    <p class='ocr_par' dir='ltr' id='par_1_7' title="bbox 120 2792 1030 3447">
     <span class='ocr_line' id='line_1_27' title="bbox 121 2792 1021 2873; baseline 0.007 -21"><span class='ocrx_word' id='word_1_200' title='bbox 121 2792 201 2852; x_wconf 91' lang='lat' dir='ltr'><strong>mina</strong></span> <span class='ocrx_word' id='word_1_201' title='bbox 223 2794 404 2867; x_wconf 89' lang='lat' dir='ltr'><strong>subruerent,</strong></span> <span class='ocrx_word' id='word_1_202' title='bbox 426 2812 520 2872; x_wconf 89' lang='lat' dir='ltr'><strong>neque</strong></span> <span class='ocrx_word' id='word_1_203' title='bbox 541 2797 746 2870; x_wconf 86' lang='lat' dir='ltr'><strong>tempestatum</strong></span> <span class='ocrx_word' id='word_1_204' title='bbox 770 2815 803 2854; x_wconf 88' lang='lat' dir='ltr'><strong>ac</strong></span> <span class='ocrx_word' id='word_1_205' title='bbox 830 2797 1021 2873; x_wconf 87' lang='lat' dir='ltr'><strong>procellarum</strong></span> 
     </span>
     <span class='ocr_line' id='line_1_28' title="bbox 120 2888 1020 2966; baseline 0.004 -16"><span class='ocrx_word' id='word_1_206' title='bbox 120 2889 252 2950; x_wconf 89' lang='lat' dir='ltr'><strong>turbines</strong></span> <span class='ocrx_word' id='word_1_207' title='bbox 274 2894 483 2966; x_wconf 85' lang='lat' dir='ltr'><strong>permoverent.</strong></span> <span class='ocrx_word' id='word_1_208' title='bbox 525 2888 632 2948; x_wconf 85' lang='lat' dir='ltr'><strong>Merito</strong></span> <span class='ocrx_word' id='word_1_209' title='bbox 654 2888 747 2965; x_wconf 84' lang='lat' dir='ltr'><strong>igitur</strong></span> <span class='ocrx_word' id='word_1_210' title='bbox 769 2890 815 2950; x_wconf 90' lang='lat' dir='ltr'><strong>illi</strong></span> <span class='ocrx_word' id='word_1_211' title='bbox 839 2891 1020 2955; x_wconf 89' lang='lat' dir='ltr'><strong>abinvicem</strong></span> 
     </span>
     <span class='ocr_line' id='line_1_29' title="bbox 120 2983 1020 3062; baseline -0.003 -18"><span class='ocrx_word' id='word_1_212' title='bbox 120 2983 280 3062; x_wconf 88' lang='lat' dir='ltr'><strong>separandi,</strong></span> <span class='ocrx_word' id='word_1_213' title='bbox 297 2985 401 3044; x_wconf 85' lang='lat' dir='ltr'><strong>turrim</strong></span> <span class='ocrx_word' id='word_1_214' title='bbox 415 2985 556 3061; x_wconf 80' lang='lat' dir='ltr'><strong>superbiae</strong></span> <span class='ocrx_word' id='word_1_215' title='bbox 575 2984 758 3060; x_wconf 82' lang='lat' dir='ltr'><strong>aedificantes,</strong></span> <span class='ocrx_word' id='word_1_216' title='bbox 773 2987 939 3062; x_wconf 86' lang='lat' dir='ltr'><strong>linguarum</strong></span> <span class='ocrx_word' id='word_1_217' title='bbox 953 3009 1020 3049; x_wconf 90' lang='lat' dir='ltr'><strong>con.</strong></span> 
     </span>
     <span class='ocr_line' id='line_1_30' title="bbox 120 3079 1020 3159; baseline 0.006 -19"><span class='ocrx_word' id='word_1_218' title='bbox 120 3079 233 3140; x_wconf 79' lang='lat' dir='ltr'><strong>fusione</strong></span> <span class='ocrx_word' id='word_1_219' title='bbox 247 3079 375 3138; x_wconf 90' lang='lat' dir='ltr'><strong>damnati</strong></span> <span class='ocrx_word' id='word_1_220' title='bbox 395 3089 472 3154; x_wconf 91' lang='lat' dir='ltr'><strong>sunt,</strong></span> <span class='ocrx_word' id='word_1_221' title='bbox 487 3101 524 3140; x_wconf 91' lang='lat' dir='ltr'><strong>ne</strong></span> <span class='ocrx_word' id='word_1_222' title='bbox 537 3080 738 3159; x_wconf 88' lang='lat' dir='ltr'><strong>unusquisque</strong></span> <span class='ocrx_word' id='word_1_223' title='bbox 757 3088 853 3158; x_wconf 91' lang='lat' dir='ltr'><strong>posset</strong></span> <span class='ocrx_word' id='word_1_224' title='bbox 873 3084 1020 3146; x_wconf 81' lang='lat' dir='ltr'><strong>advertere</strong></span> 
     </span>
     <span class='ocr_line' id='line_1_31' title="bbox 121 3174 1019 3255; baseline 0.004 -19"><span class='ocrx_word' id='word_1_225' title='bbox 121 3175 246 3255; x_wconf 86' lang='lat' dir='ltr'><strong>proximi</strong></span> <span class='ocrx_word' id='word_1_226' title='bbox 261 3174 307 3234; x_wconf 89' lang='lat' dir='ltr'><strong>sui</strong></span> <span class='ocrx_word' id='word_1_227' title='bbox 320 3176 474 3253; x_wconf 88' lang='lat' dir='ltr'><strong>loquelam.</strong></span> <span class='ocrx_word' id='word_1_228' title='bbox 516 3175 573 3236; x_wconf 91' lang='lat' dir='ltr'><strong>Isti</strong></span> <span class='ocrx_word' id='word_1_229' title='bbox 586 3196 663 3246; x_wconf 87' lang='lat' dir='ltr'><strong>vero,</strong></span> <span class='ocrx_word' id='word_1_230' title='bbox 678 3177 729 3254; x_wconf 87' lang='lat' dir='ltr'><strong>qni</strong></span> <span class='ocrx_word' id='word_1_231' title='bbox 748 3177 854 3237; x_wconf 86' lang='lat' dir='ltr'><strong>turrim</strong></span> <span class='ocrx_word' id='word_1_232' title='bbox 866 3178 934 3239; x_wconf 90' lang='lat' dir='ltr'><strong>fidei</strong></span> <span class='ocrx_word' id='word_1_233' title='bbox 954 3200 1019 3240; x_wconf 93' lang='lat' dir='ltr'><strong>con-</strong></span> 
     </span>
     <span class='ocr_line' id='line_1_32' title="bbox 122 3271 1018 3350; baseline 0.003 -17"><span class='ocrx_word' id='word_1_234' title='bbox 122 3273 280 3345; x_wconf 89' lang='lat' dir='ltr'><strong>struebant,</strong></span> <span class='ocrx_word' id='word_1_235' title='bbox 296 3271 424 3330; x_wconf 90' lang='lat' dir='ltr'><strong>omnium</strong></span> <span class='ocrx_word' id='word_1_236' title='bbox 441 3271 620 3348; x_wconf 78' lang='lat' dir='ltr'><strong>linguarum·</strong></span> <span class='ocrx_word' id='word_1_237' title='bbox 630 3272 750 3332; x_wconf 90' lang='lat' dir='ltr'><strong>scientia</strong></span> <span class='ocrx_word' id='word_1_238' title='bbox 762 3281 792 3333; x_wconf 89' lang='lat' dir='ltr'><strong>et</strong></span> <span class='ocrx_word' id='word_1_239' title='bbox 809 3274 954 3350; x_wconf 80' lang='lat' dir='ltr'><strong>agnitione</strong></span> <span class='ocrx_word' id='word_1_240' title='bbox 968 3278 1018 3337; x_wconf 91' lang='lat' dir='ltr'><strong>do-</strong></span> 
     </span>
     <span class='ocr_line' id='line_1_33' title="bbox 123 3367 1030 3447; baseline -0.003 -17"><span class='ocrx_word' id='word_1_241' title='bbox 123 3368 186 3430; x_wconf 85' lang='lat' dir='ltr'><strong>nati</strong></span> <span class='ocrx_word' id='word_1_242' title='bbox 205 3371 282 3446; x_wconf 90' lang='lat' dir='ltr'><strong>sunt,</strong></span> <span class='ocrx_word' id='word_1_243' title='bbox 305 3371 340 3428; x_wconf 88' lang='lat' dir='ltr'><strong>ut</strong></span> <span class='ocrx_word' id='word_1_244' title='bbox 359 3367 434 3427; x_wconf 89' lang='lat' dir='ltr'><strong>illud</strong></span> <span class='ocrx_word' id='word_1_245' title='bbox 453 3367 572 3446; x_wconf 89' lang='lat' dir='ltr'><strong>pcccati,</strong></span> <span class='ocrx_word' id='word_1_246' title='bbox 594 3369 648 3428; x_wconf 94' lang='lat' dir='ltr'><strong>hoc</strong></span> <span class='ocrx_word' id='word_1_247' title='bbox 667 3368 737 3429; x_wconf 89' lang='lat' dir='ltr'><strong>fidei</strong></span> <span class='ocrx_word' id='word_1_248' title='bbox 756 3371 929 3447; x_wconf 78' lang='lat' dir='ltr'><strong>probaretur</strong></span> <span class='ocrx_word' id='word_1_249' title='bbox 943 3372 1030 3429; x_wconf 58' lang='lat' dir='ltr'><strong>iudx-</strong></span> 
     </span>
    </p>
   </div>
   <div class='ocr_carea' id='block_1_8' title="bbox 0 0 1182 3780">
    <p class='ocr_par' dir='ltr' id='par_1_8' title="bbox 0 0 1182 3780">
     <span class='ocr_line' id='line_1_34' title="bbox 0 0 1182 3780; baseline 0 2"><span class='ocrx_word' id='word_1_250' title='bbox 0 0 1182 3780; x_wconf 95' lang='lat' dir='ltr'><strong> </strong></span> 
     </span>
    </p>
   </div>
  </div>
 </body>
</html>
