2356 3780
280 243 282 246 ’
372 274 407 315 m
425 275 580 318 smmum
599 276 807 321 mosuononnn.
979 259 1036 320 1147

143 449 262 526 poribus
282 449 408 526 primum
428 450 490 510 veri
512 451 569 510 Dei
590 451 735 512 voluntati
758 453 862 528 arrisit,
886 454 1038 513 collectum

143 549 229 603 terra
248 548 461 623 attractumque
481 547 648 606 substantiae
672 567 731 606 suae
755 567 872 607 censum
890 547 1039 606 redditae

143 643 258 716 reparat
283 640 315 699 in
337 641 419 699 illam
445 641 567 718 speciem
590 661 677 719 qnam
702 663 778 701 mors
803 644 957 720 aliquando
980 643 1038 701 dis·

142 734 275 795 solverat.
318 737 358 796 Et
369 737 412 796 ita
424 738 468 811 fit,
483 740 519 796 nt
531 737 688 815 unicuique
701 739 804 798 animae
817 759 876 798 non
888 740 1039 798 confusum

143 834 196 889 aut
209 834 379 890 extraneum
392 851 503 908 corpus,
519 832 569 891 sed
587 853 671 891 suum
685 834 762 910 quod
773 835 914 893 habuerat
926 853 1039 909 repare-

142 929 209 997 tur;
238 930 273 986 ut
299 932 505 1005 consequenter
530 929 621 1005 possit
646 948 698 1005 pro
724 929 863 1004 agonibus
888 928 1039 1005 praesentis

142 1020 211 1080 vitoe
224 1041 291 1080 cum
310 1022 405 1082 anima
424 1043 476 1082 sua
495 1044 560 1082 caro
573 1024 621 1082 vel
639 1024 745 1102 pudica
765 1024 901 1098 coronari,
917 1024 965 1082 vel
984 1023 1038 1082 im·
1103 1024 1107 1030 ’

78 1182 81 1188 ,
142 1116 249 1193 pudica
265 1117 372 1194 puniri.
413 1119 453 1178 Et
470 1119 534 1178 ideo
554 1119 623 1179 setis
640 1124 723 1179 caute
737 1119 824 1178 fidem
838 1119 968 1197 Symboli
981 1119 1036 1176 Ec·

142 1212 230 1270 alesia
242 1217 339 1271 nostra
351 1216 442 1288 docet,
458 1234 533 1291 quae,
548 1214 580 1273 in
593 1233 627 1274 eo
641 1215 720 1291 quod
740 1235 757 1273 a
774 1215 885 1274 coeteris
902 1215 1035 1287 traditur,

144 1306 277 1366 “Carnis
296 1310 562 1384 resurrectionem,”
584 1330 642 1369 uno
666 1310 774 1370 additio
794 1310 961 1387 pronomine
981 1318 1039 1369 tra·

142 1404 225 1478 didit,
248 1405 378 1482 “Hujus
395 1407 488 1465 carnis
507 1407 772 1481 resurrectionem,''
787 1408 884 1485 hujus,
901 1407 962 1466 sine
983 1408 1038 1465 du·

141 1499 199 1573 bio,
228 1520 315 1577 quam
340 1502 428 1561 habet
452 1503 480 1561 is
505 1503 557 1580 qui
582 1503 742 1579 profitetur,
772 1503 919 1580 signaculo
946 1502 1038 1562 crucis

140 1595 231 1656 fronti
250 1596 403 1673 imposito;
425 1618 483 1676 quo
502 1598 575 1658 sciat
594 1599 793 1676 unusquisque
814 1599 953 1674 fidelium,
974 1620 1038 1660 car·

140 1711 208 1750 nem
228 1711 318 1767 suam,
343 1693 368 1752 si
388 1694 526 1752 mundam
547 1694 703 1754 servaverit
723 1714 741 1752 a
761 1699 886 1771 peccato,
906 1697 1040 1755 futurum

140 1806 201 1846 cese
221 1807 272 1848 vae
294 1788 419 1862 honoris,
440 1790 514 1849 utile
536 1790 660 1848 Domino
681 1790 718 1848 ad
738 1809 820 1849 omne
840 1810 913 1867 opus
933 1793 1040 1850 bonum

139 1887 281 1960 paratum,
307 1884 422 1966 sivero
449 1885 672 1946 contaminatam
693 1885 881 1963 inpeccatis,
906 1887 1040 1947 futurum

140 1999 202 2039 esse
215 2000 267 2038 ves
280 1980 331 2039 irae
345 1981 382 2039 od
394 1980 553 2041 interitum.

178 2076 244 2134 Jam
265 2095 333 2134 vero
352 2077 389 2134 de
411 2076 475 2154 ipsa
493 2076 708 2136 resurrectionis
728 2078 819 2152 gloria
837 2082 868 2137 et
886 2079 923 2136 de
942 2098 1038 2154 repro·

139 2169 282 2228 missionis
294 2170 494 2246 magnitudine
509 2172 533 2230 si
546 2173 612 2248 quis
625 2173 739 2249 plenius
753 2174 823 2232 scire
837 2173 990 2247 desiderat,
1006 2174 1039 2233 in

140 2264 272 2323 omnibus
285 2285 357 2342 pene
369 2265 476 2324 divinis
489 2267 685 2325 voluminibus
698 2252 828 2327 inveniet
840 2268 979 2342 indicari3
999 2288 1038 2328 ex

139 2360 245 2436 quibus
267 2380 328 2434 nos,
351 2362 578 2421 commonitionis
601 2364 799 2423 tantummodo
822 2363 923 2438 gratia,
945 2384 1038 2440 pauca

139 2454 172 2514 in
183 2456 320 2532 praesenti
338 2456 400 2514 loco
420 2465 616 2531 memorantes,
632 2458 720 2517 finem
740 2456 896 2534 injuncti-a
908 2462 938 2518 te
952 2479 1036 2536 opus·

139 2551 199 2610 culi
221 2552 366 2611 faciemus.
408 2551 506 2628 Igitur
524 2553 680 2628 Apostolus
700 2553 817 2626 Paulus,
840 2553 918 2630 quod
941 2574 1034 2613 resur·

140 2654 192 2723 gat
212 2648 343 2708 mortuiis
366 2667 439 2722 caro,
463 2648 570 2708 talibus
593 2648 694 2708 asserit
717 2649 902 2725 argumentis,
928 2649 1034 2724 dicens,

140 2746 260 2821 Quadri
270 2746 436 2806 resurrectio
448 2750 617 2806 mortuorum
630 2765 683 2804 con
697 2751 744 2819 eet,
761 2765 831 2829 erqo
841 2766 888 2804 icco
906 2747 1036 2806 Christus

137 2843 299 2903 rectificavit.
342 2843 380 2902 Si
400 2847 489 2901 eidem
518 2841 647 2901 Christus
672 2861 726 2900 noo
751 2843 913 2916 recurrerit,
942 2843 1036 2902 inuiis

137 2941 178 2994 cot
201 2937 367 3011 producito
392 2941 496 3009 moue,
526 2955 610 2994 oacuu
634 2941 675 2994 ost
702 2940 729 2994 ei
750 2937 823 3013 fidos
849 2941 953 2995 nostra.
996 2937 1035 2997 Et

135 3016 317 3107 paulopost,
338 3032 423 3091 Nunc
442 3037 533 3090 autem
559 3031 687 3090 Gloriatur
707 3033 860 3091 recurrerit
881 3052 898 3090 a
919 3034 1035 3091 mortain

136 3125 252 3184 initium
277 3125 480 3186 dormientium.
525 3125 662 3201 Quoniam
687 3127 796 3203 quidem
821 3145 876 3201 por
901 3125 1034 3184 homiuem

136 3239 217 3296 more,
246 3226 273 3280 ct
300 3241 355 3296 pir
381 3223 514 3282 homiaem
542 3223 704 3281 rerurrectio
730 3226 907 3282 mortuorum.
951 3221 1034 3281 Sicut

135 3317 207 3376 euim
228 3318 259 3376 in
271 3318 367 3376 Adam
386 3339 474 3377 omnio
487 3319 653 3391 moriautur,
670 3318 713 3375 ita
725 3323 753 3376 ct
772 3318 804 3376 in
822 3317 931 3377 Uiriato
945 3337 1034 3378 omaro

135 3413 356 3491 vivificabuntur.
404 3415 700 3495 Uimquioquccuiem
720 3414 818 3474 inrue
839 3413 951 3474 ordine:
976 3416 1030 3473 iai·

1108 3509 1143 3544 Δ
