2356 3780
363 231 631 275 murmurosus
650 231 808 274 musmo.
984 214 1038 272 161

135 411 292 490 Apostolus
308 411 396 485 dieit3
417 415 483 488 Ipee
496 413 703 490 primcpereitrcs
721 432 754 472 ecc
771 411 868 471 meltis
881 410 1037 488 srctritce.

136 508 174 567 Id
187 513 239 583 est,
255 507 366 586 primus
380 529 397 567 a
414 507 538 567 mortuis
551 507 719 567 resurrexit.
760 509 803 567 et
818 507 908 568 muita
925 524 1041 582 corpore

135 610 291 665 scortorum
308 604 503 664 dormientium
522 622 583 662 crem
602 623 631 661 ec
651 609 840 676 eorrecerrrrct,
861 603 938 663 sicut
953 621 1040 661 evan-

135 699 228 776 gelice
248 699 403 758 auotoritas
421 697 510 759 dicit:
535 696 592 759 Sed
608 700 675 774 ipre,
696 700 747 776 qui
766 704 849 774 caput
868 703 918 772 est,
932 697 1040 773 price:

136 797 232 857 Mede
244 796 296 874 qui
306 795 426 854 membro
437 799 504 854 suec
516 795 652 854 contineo.

176 893 280 951 Postea
302 892 424 950 aeceedit
446 893 485 950 cd
506 891 600 951 ccicc:
628 890 705 950 sicut
728 888 882 950 Psalmistu
905 890 955 966 ait,
981 891 1041 951 Ae·

136 989 228 1048 credit
243 989 275 1047 ire
288 987 385 1062 citum,
401 978 538 1064 coriticam
561 988 642 1046 deecit
655 987 852 1062 captieitetm,
875 987 905 1046 id
918 991 972 1059 est,
986 988 1041 1045 hu·

136 1102 251 1143 menam
277 1091 421 1158 naturum,
450 1102 516 1162 quse
542 1084 625 1161 prius
653 1085 706 1143 sub
733 1089 849 1161 peceato
875 1083 1043 1143 venundata

136 1179 196 1240 fuit
214 1184 246 1239 et
264 1179 410 1256 captivate
420 1201 428 1254 ;
450 1199 571 1257 eamque
590 1179 769 1256 redemptum
788 1178 934 1255 captivam
953 1178 1043 1239 duxit

136 1277 169 1337 in
182 1279 328 1339 coelestem
341 1278 545 1350 altitudinem
566 1283 597 1337 et
609 1277 646 1336 sd
659 1276 784 1336 coelestis
798 1275 904 1335 Petriae
918 1294 1042 1350 regnum

137 1375 353 1452 sempiternum,
373 1375 426 1435 ubi
445 1379 531 1434 antes
549 1394 608 1435 non
628 1375 734 1446 fueret,
754 1393 818 1434 eam
838 1372 991 1433 collocavit
1009 1372 1042 1431 in

137 1472 260 1548 gloriam
273 1473 487 1550 sempiternam.

180 1569 264 1628 Sedet
283 1569 321 1627 cd
338 1570 477 1629 deoterom
489 1567 611 1627 Petris:
631 1565 663 1626 id
683 1569 737 1638 est,
757 1564 977 1645 prosperitatem
989 1583 1041 1642 pa·

137 1667 259 1736 ternam,
275 1669 305 1725 et
317 1664 349 1723 in
357 1661 395 1723 ¹eo
408 1664 525 1737 honore,
541 1664 619 1739 quod
632 1663 712 1722 Deus
725 1667 778 1722 est.

176 1761 247 1820 Irede
264 1765 393 1820 ventures
404 1761 535 1838 judicare
551 1761 625 1819 cicce
645 1765 672 1819 ct
690 1764 820 1820 mortuos.
860 1757 952 1819 Vives
969 1756 1042 1817 dicit

138 1874 186 1915 eos
206 1876 278 1934 quos
291 1861 362 1916 tune
382 1857 524 1916 adventus
537 1854 708 1915 Dominicus
726 1854 764 1913 iu
779 1873 897 1932 corpore
909 1852 1042 1912 viventes

104 2002 105 2005 ,
138 1949 301 2025 invenerit3
331 1955 362 2011 et
383 1956 522 2026 mortuos,
540 1953 603 2030 jam
623 1954 691 2010 ente
714 1950 852 2028 sepultos.
892 1950 934 2010 Iit
956 1948 1042 2010 aliter

138 2046 219 2118 dicit,
233 2047 423 2123 vivosjcetoe,
440 2054 470 2108 et
483 2053 611 2108 mortuos
618 2055 781 2122 peccatores.

176 2144 229 2201 Ac
253 2144 329 2220 cedes
351 2143 495 2202 adrentum
518 2163 606 2202 omcce
628 2143 748 2210 dominer
775 2161 917 2219 reserpere
942 2141 1042 2200 deteret

137 2256 198 2298 crem
211 2237 368 2311 corporibus
379 2238 458 2303 suis:
479 2243 506 2297 et
522 2238 664 2298 redditori
676 2241 741 2295 sect
761 2237 793 2295 de
805 2237 896 2313 sectis
909 2237 1040 2311 propriis

136 2333 294 2395 rationem:
317 2333 407 2410 etqui
426 2333 494 2391 berec
507 2337 629 2410 efferent,
642 2332 722 2391 iteret
739 2332 771 2390 ire
783 2332 871 2390 citcrre
890 2336 1040 2399 eternum:

138 2430 190 2507 qui
207 2448 269 2488 cero
288 2427 421 2501 meddin
442 2429 532 2505 ipreerre
549 2432 691 2487 eternum.
731 2426 802 2485 Hoec
820 2429 860 2484 cet
877 2425 962 2484 Fides
986 2425 1040 2484 Oc·

138 2525 246 2598 idolica,
262 2544 344 2602 quern
361 2525 421 2582 nisi
436 2524 548 2602 quisque
555 2523 865 2601 fideliterflrrreiterqrcc
882 2522 1040 2594 crediderit,

138 2625 230 2687 satore
243 2645 298 2686 cese
310 2644 365 2685 noo
371 2624 492 2700 poterit.
