2356 3780
162 211 218 270 tto
433 227 537 269 noenu
555 227 778 271 commentos

158 425 230 464 mors
252 407 280 466 ei
300 407 378 468 oltra
399 427 453 467 noo
476 407 670 484 dominabitur,
692 408 735 468 ite
757 412 788 468 et
810 407 862 485 qui
884 407 917 467 in
940 407 1054 470 Christo

158 509 310 578 resurgent
335 521 388 563 nec
411 503 624 581 corruptionem
649 504 776 564 sentient
798 505 876 563 ultra
901 523 954 563 nec
980 524 1054 564 mor·

158 601 226 672 tem,
241 618 300 657 non
319 603 424 660 nutrire
443 600 536 660 carnis
556 600 676 677 abjecte,
692 601 742 659 sed
761 599 923 659 conditione
940 601 1004 678 ejus
1023 603 1055 661 et

158 694 299 772 qualitate
325 699 448 756 mutate.
496 695 563 755 Erit
593 715 661 771 ergo
691 715 794 773 corpus
818 697 896 773 quod
920 692 1054 772 resurget

158 791 309 850 amortuis
328 791 547 869 incorruptibile
567 794 596 852 et
615 791 785 866 immortale,
800 811 859 850 non
878 792 971 850 solum
986 793 1051 869 jus·

156 889 260 961 torum,
282 888 332 946 sed
355 888 442 947 etiem
464 891 654 967 peccatorum.
694 889 844 948 Justorum
867 887 993 966 quidem,
1014 893 1051 948 ut

157 1003 267 1060 semper
288 984 398 1062 possint
424 1002 590 1061 permanere
615 1003 682 1042 cum
705 983 818 1043 Christo
830 1005 838 1058 ;
868 989 1050 1061 peccatorum

153 1098 231 1155 vero,
247 1084 281 1140 ut
295 1081 401 1157 absque
414 1080 580 1140 interitione
593 1099 645 1138 sua
658 1079 769 1139 debitos
780 1079 864 1140 luent
876 1099 984 1156 poenas.

153 1202 156 1208 ⁴
194 1182 241 1237 46.
264 1178 348 1244 Quod
371 1181 469 1237 autem
488 1177 563 1254 justi
586 1194 697 1252 semper
716 1195 782 1234 cum
804 1176 928 1235 Domino
950 1178 1049 1236 nostro

156 1272 270 1334 Christo
296 1277 483 1352 permaneant
509 1273 572 1350 jem
598 1279 629 1331 et
654 1270 687 1330 in
713 1272 907 1348 superioribus
933 1272 1048 1332 edocui-

151 1389 226 1443 mus,
246 1371 299 1429 ubi
318 1369 496 1430 ostendimus
515 1368 584 1447 quis
602 1367 760 1445 Apostolus
779 1368 858 1442 dicit,
873 1369 980 1427 Deinde
999 1389 1048 1427 roos

151 1467 202 1543 qui
222 1468 346 1539 oioimos,
370 1467 421 1544 qui
441 1465 545 1542 reliqui
566 1483 666 1537 somus,
690 1463 774 1522 simol
795 1483 854 1523 oum
874 1462 935 1522 illis
954 1465 1047 1539 ropio-

150 1581 213 1620 mor
235 1562 265 1619 iro
289 1562 405 1620 orbibus
427 1561 530 1620 oboiom
554 1560 663 1619 Christo
686 1559 718 1617 iro
737 1578 810 1630 ocra,
832 1564 859 1617 ot
880 1559 924 1616 ito
943 1578 1048 1634 corpor

151 1676 210 1715 rom
233 1658 350 1716 Domino
374 1658 484 1716 orimus.
524 1656 585 1713 Nee
606 1654 727 1728 mireris,
748 1653 773 1712 si
794 1674 858 1713 caro
882 1658 1046 1714 sanctourm

149 1751 181 1809 in
200 1755 311 1812 tentem
335 1751 455 1828 gloriam
474 1770 512 1811 ex
534 1750 740 1809 resurrectione
764 1749 934 1823 mutabitur,
955 1751 1045 1811 utin

149 1865 299 1905 occursum
311 1847 367 1906 Dei
388 1867 524 1926 suspensa
542 1846 669 1906 nubibus
682 1851 713 1906 ct
731 1845 764 1905 in
776 1865 840 1906 aere
855 1849 937 1905 vecte
948 1846 1043 1923 repis·

148 1945 206 2015 tur,
229 1943 376 2018 cumipse
397 1944 561 2019 Apostolus,
584 1962 729 2019 exponens
752 1946 894 2020 quantum
916 1944 1045 2002 conserat

147 2037 229 2096 Deus
239 2038 286 2096 his
299 2037 351 2114 qui
364 2037 490 2112 diligunt
509 2056 584 2109 eum,
600 2038 684 2110 dicet,
706 2038 762 2107 ooo·
774 2038 971 2097 transmutabit
983 2057 1042 2098 cor·

141 2153 200 2209 pos
222 2134 391 2193 humilitatis
413 2138 513 2193 oestuo
534 2133 666 2209 conforme
678 2135 751 2210 fiori
771 2134 882 2209 corpori
903 2134 1045 2193 oloritotis

147 2251 210 2290 erro.
251 2231 335 2290 Nihil
356 2251 423 2307 ergo
442 2231 599 2290 absurdum
619 2233 671 2302 est,
694 2230 719 2288 si
742 2233 906 2290 sanctorum
925 2249 1045 2306 corpore

146 2327 281 2388 dicautur
292 2328 419 2388 nubibus
438 2329 470 2386 in
484 2347 549 2388 aera
568 2326 691 2399 sustolli,
707 2346 773 2385 oum
791 2326 828 2385 ad
847 2328 968 2385 formam
981 2346 1043 2385 cor·

145 2423 223 2500 poris
243 2423 358 2497 Christi,
375 2425 452 2501 quod
470 2424 502 2482 iu
523 2424 643 2482 dextere
662 2422 718 2480 Dei
737 2423 825 2494 sedet,
845 2422 978 2482 dicantur
996 2442 1042 2483 re·

144 2519 302 2578 formanda.
344 2520 401 2580 Sed
424 2525 453 2579 et
476 2521 530 2578 hoc
549 2522 666 2577 sanctus
685 2517 850 2593 Apostolus,
872 2518 920 2576 vel
939 2518 975 2577 de
999 2537 1040 2590 se,

144 2615 192 2673 vel
206 2615 241 2674 de
261 2615 373 2675 coeteris
392 2615 438 2674 sui
457 2615 515 2674 loci
527 2615 575 2673 vel
594 2613 701 2687 meriti,
718 2606 813 2685 addit,
823 2619 854 2674 et
866 2613 946 2686 dicit,
968 2613 1042 2681 osia

144 2711 337 2770 comouritobit
356 2731 404 2769 roos
423 2731 483 2770 eum
508 2709 776 2786 &uindicarique
792 2710 882 2785 societ
901 2709 989 2766 eodm
1006 2711 1042 2768 iro

144 2807 299 2869 coelestibus.
341 2810 426 2869 Unde
452 2829 518 2869 eum
544 2809 607 2868 hoec
631 2811 661 2867 et
686 2827 785 2865 eorum
811 2807 916 2865 similis
938 2827 1041 2884 quem·

143 2903 269 2979 plurima
300 2905 392 2964 suncti
416 2904 473 2963 Dei
502 2904 536 2963 in
564 2902 829 2981 repromissionibus
858 2903 983 2961 habeant
1009 2903 1042 2964 in

142 2999 349 3059 resurrectione
367 3001 522 3077 justorum,
545 3020 604 3059 non
625 2999 681 3059 erit
700 2998 763 3075 jum
785 2997 902 3055 difficile
925 2997 1041 3058 eredere

143 3093 232 3152 etiam
262 3094 315 3153 ille
343 3115 409 3174 quae
435 3095 587 3171 Prophetae
618 3095 822 3173 predixerant,
850 3092 928 3171 quod
949 3093 1039 3169 Jbsti,

142 3189 260 3261 scilicet,
273 3189 422 3268 fulgebunt
441 3191 513 3248 siout
532 3191 573 3249 sol
591 3196 617 3249 ot
636 3192 708 3250 sicot
727 3190 854 3267 prbodor
864 3189 1043 3266 strroomemr'

141 3284 172 3342 iro
191 3304 272 3362 roqoo
292 3287 356 3345 Dei.
399 3282 454 3343 cui
473 3284 551 3342 enim
570 3284 686 3343 difficile
705 3285 860 3357 videbitur,
875 3303 923 3342 eos
942 3284 1040 3359 fulgo·

125 3396 191 3436 rem
216 3380 288 3440 solis
309 3380 470 3450 babituros,
494 3383 524 3440 et
547 3379 674 3439 siderum
696 3399 729 3439 ae
752 3372 926 3439 firmamenti
947 3379 1039 3456 hujus
