2356 3780
85 204 123 261 58
387 219 677 265 mmmmm„

83 387 121 448 ε’ίς
141 414 170 447 τε
189 390 236 460 τὴν
257 390 435 456 Βαβυλωνίαν,
457 392 499 446 καί
518 392 566 462 τὴν
587 396 758 461 Μακεδονίαν,
778 394 872 451 Ἀσίαν
888 417 918 450 τε
940 396 983 450 καί

83 488 131 558 την
148 484 289 556 Αἴγυπτον,
311 482 349 544 εἷς
371 493 423 542 τῶν
437 490 483 558 τῆς
500 487 641 560 Αίγύπτου,
658 489 862 558 βασιλεύονται,
880 491 982 545 Πτολε-

84 585 159 654 μαῖος
185 586 201 638 ό
229 583 407 655 Φιλάδελφος,
438 586 654 659 φιλολογώτατοι
681 591 818 661 γενόμενος
843 586 983 654 βασιλεὺς,

84 681 131 736 τδς
154 680 217 734 κατά
239 683 372 750 πανταχοῦ
394 680 510 745 βίβλους
535 682 720 755 συναθροίζων,
743 686 814 756 παρὰ
836 684 983 755 Δημητρίου

84 779 131 830 τοῦ
157 775 303 848 Φαληρέως,
326 779 373 831 τοῦ
401 777 447 845 τῆς
472 777 646 848 βιβλιοθήκης
671 785 825 853 προνοητού,
844 780 905 852 περὶ
931 785 983 834 τῶν

85 876 196 942 νομικῶν
210 875 253 929 καί
270 874 440 945 προφητικῶν
457 872 534 930 θείων
553 877 664 948 γραφῶν
682 875 839 939 ἐπακούσας,
854 878 896 931 καὶ
913 876 983 932 πολὺ

85 971 195 1024 καλλιον
221 971 317 1044 κρίνας,
344 971 375 1026 οίι
401 974 472 1054 παρά
498 974 612 1028 ἀκόντων
638 974 807 1047 ἀναγκαστῶς
832 976 865 1031 τά
887 976 984 1043 βιβλία

85 1066 240 1138 κτήσασθαι,
253 1068 316 1126 ἀλλ’
331 1069 523 1138 ε’ξιλέωσασθαι
543 1073 635 1145 δώροις
653 1075 757 1144 μάλλον
774 1075 815 1129 καὶ
828 1073 908 1144 φιλίη
922 1071 983 1128 ταώς

84 1165 199 1236 ἔχοντας,
214 1168 255 1223 καὶ
272 1169 408 1240 γινώσκων
425 1167 466 1223 ότι
485 1170 516 1223 τὸ
531 1169 578 1239 μέν
598 1170 761 1241 ἀναγκαστῶν
778 1170 901 1224 δολοίτται
913 1170 981 1225 πολ-

82 1265 165 1333 λάκις,
184 1265 359 1338 ἀπροαιρίτως
379 1265 520 1335 διδόμενον,
538 1267 569 1320 τδ
589 1263 614 1321 δ’
628 1266 657 1321 έκ
675 1267 852 1340 προαιρέσεως
870 1267 982 1340 παρεχό·

83 1383 160 1430 μενον
181 1362 232 1418 σύν
252 1363 360 1433 ἀληθεία
380 1366 412 1431 τῇ
433 1363 507 1432 πάσῃ
529 1363 657 1436 δωρεῖται,
679 1363 838 1439 Ἐλεαζάρῳ,
859 1367 896 1438 τῷ
924 1364 983 1418 τότε

83 1459 206 1534 ἀρχιερεῖ,
226 1463 340 1516 πλείστα
361 1460 430 1533 δῶμα
450 1460 558 1533 πέμψας
581 1462 618 1519 είς
638 1464 684 1518 τὸν
704 1461 813 1519 ἐνταῦθα
834 1465 885 1516 τῶν
904 1458 984 1533 Ἱερο-

84 1557 208 1629 σολύμων
221 1562 289 1627 ναὸν,
305 1557 335 1627 ἓξ
348 1560 412 1614 κατὰ
428 1559 516 1630 φυλὴν
529 1565 581 1615 τῶν
596 1561 694 1616 δώδεκα
709 1565 756 1617 τοῦ
768 1558 877 1633 Ἰσραὴλ
890 1558 985 1630 φυλῶν

84 1658 149 1728 πρὸς
163 1657 255 1710 ίαυτδν
267 1656 304 1713 είς
317 1656 450 1729 ἑρμηνείαν
463 1656 585 1726 ε’ποίησεν
600 1659 764 1714 ἀποστείλω.
805 1653 869 1713 Εἶτα
882 1658 923 1711 καὶ
936 1658 983 1710 τοῦ

85 1751 155 1808 θείας
172 1749 236 1823 ημὴ
252 1754 298 1810 τὰς
314 1753 429 1819 βίβλους
448 1749 512 1809 εἶναι
531 1757 674 1826 λαμβάνων
693 1757 844 1827 ἀπόπειραν,
858 1753 900 1808 καί
918 1752 984 1824 πρὸς

83 1851 114 1904 τδ
134 1848 170 1919 μὴ
191 1851 335 1905 συνδυόσαι
354 1852 419 1922 πρὸς
436 1852 569 1922 ἀλλήλους
589 1853 650 1910 τούς
670 1852 865 1909 ἀποσταλέντας
881 1850 981 1905 ὑποπτ-

83 1941 171 2012 εύσας,
190 1944 218 2002 ίν
235 1951 266 2018 τῇ
281 1946 409 2021 λεγομένη
428 1949 513 2024 Φάρῳ,
530 1944 562 2019 τῇ
579 1950 645 2022 πρὸς
659 1948 857 2022 Ἀλεξανδρείου
872 1946 983 2018 κειμένῃ,

83 2048 134 2097 τῶν
146 2044 358 2118 παραγενομένων
371 2048 538 2118 ἑρμηνευτῶν,
552 2047 652 2122 έκόστιμ
670 2045 737 2103 ἰ’διον
754 2043 825 2103 οἶκον
837 2046 983 2116 ἀπονείμας,

84 2140 185 2216 ίκάστιμ
198 2144 285 2200 πόσας
298 2143 344 2199 τάς
356 2143 461 2216 γραφὰς
477 2141 621 2216 ἐπέτρεψεν
634 2147 799 2215 ἑρμηνεῦσαι.
840 2141 942 2199 Τούτων
956 2143 984 2197 δέ

84 2238 111 2294 έν
124 2239 300 2311 ἑβδομήκοντα
313 2241 354 2296 καί
370 2239 417 2296 δύο
433 2241 538 2313 ἡμέροις
554 2241 584 2295 τδ
599 2244 706 2319 πρᾶγμα
719 2243 923 2315 πληρωσάντων,
937 2242 983 2297 τὰς

84 2337 148 2407 ὁμοῦ
161 2339 265 2394 πάντων
277 2339 419 2412 έρμηνείας,
434 2338 464 2396 ός
478 2339 542 2394 κατά
555 2339 697 2413 διαφόρους
710 2337 796 2398 οίκους
809 2338 936 2409 ἀλλήλοις
948 2339 983 2408 μὴ

84 2435 233 2508 προσίεντες
256 2437 420 2505 ε’ποίησαντο,
436 2438 589 2511 συναγαγών
609 2437 652 2494 έπὶ
671 2437 701 2494 τό
721 2438 793 2507 αὖτδ,
808 2439 838 2492 οὗ
858 2437 937 2507 μόνον
956 2436 984 2490 έν

83 2530 218 2602 νοήμασιν,
242 2534 312 2588 ἀλλὰ
333 2535 375 2588 καὶ
396 2535 423 2588 έν
444 2532 551 2602 λέξεσιν
572 2532 646 2606 εὗρεν
667 2535 832 2605 συμφώνους.
875 2533 912 2587 Οὐ
932 2532 983 2606 γάρ

83 2629 250 2705 εύρεσιλογία
268 2633 309 2687 καί
325 2632 468 2702 κατασκευὴ
482 2632 658 2703 σοφισμάτων
670 2631 836 2702 ἀνθρωπίνων
850 2627 882 2699 ἦν
899 2630 930 2684 τδ
942 2650 984 2702 γι·

85 2727 200 2796 νόμενον,
208 2728 269 2782 ἀλλ’
285 2729 312 2783 έκ
327 2725 476 2795 Πυεύματος
488 2725 603 2801 Ἀγίουὴ
617 2731 668 2781 τῶν
679 2725 760 2801 Ἀγίιρ
775 2723 903 2796 Πνεύματι
915 2728 982 2780 λαλ-

83 2823 196 2893 ηθεισῶυ
209 2822 285 2879 θείων
297 2825 408 2898 γραφῶν
420 2823 540 2896 ἑρμηνεία
553 2826 724 2878 συνετελεῖτο.

124 2919 172 2974 35.
193 2917 296 2975 Τούτων
314 2921 359 2978 τάς
380 2917 463 2975 εἴκοσι
483 2917 529 2974 δύο
548 2920 663 2986 βίβλους
682 2917 850 2990 ἀναγίνωσκε·
870 2917 936 2992 πρός
956 2920 983 2974 δι’

83 3015 116 3069 τὰ
129 3015 268 3086 ἀπόκρυφα
280 3016 359 3086 μηδὲν
379 3015 425 3086 ἔχε
439 3018 532 3071 κοινόν.
574 3014 673 3070 Ταύτας
688 3017 768 3085 μόνας
788 3014 886 3084 μελέτα
900 3036 983 3070 σπου-

84 3109 172 3175 δαίως,
193 3109 223 3167 άς
244 3114 285 3167 καὶ
306 3111 334 3165 έν
350 3112 493 3183 Ἐκκλησία
513 3113 578 3182 μετά
597 3110 743 3183 παρρησίας
765 3109 982 3183 ἀναγινώσκομεν.

85 3203 161 3260 Πολύ
179 3226 230 3259 σου
243 3207 433 3280 φρονιμώτεροι
452 3208 493 3262 καὶ
507 3207 695 3278 εὐλαβέστεροι
713 3203 781 3274 ἦσαν
795 3207 819 3260 οί
838 3206 984 3261 ἀπόστολοι

83 3302 125 3356 καὶ
138 3302 164 3355 οί
177 3300 280 3374 ἀρχαῖοι
299 3302 446 3366 έπίσκοποι,
460 3305 484 3357 οί
499 3305 544 3373 τῆς
561 3302 698 3374 ἐκκλησίας
715 3303 870 3373 προστάται,
884 3303 909 3355 σί
922 3298 981 3354 ταύ-

44 3410 131 3560 Ινας
141 3399 308 3474 παραδόντες.
349 3402 384 3457 Σύ
397 3398 451 3466 οὖν,
465 3398 554 3456 τέκνον
566 3401 611 3471 τῆς
624 3399 781 3468 Ἐκκλησίας
795 3398 838 3466 ῶν,
851 3397 886 3468 μὴ
899 3419 981 3469 παρα·
