2356 3780
154 207 210 262 142
425 221 530 262 nurmr
548 220 771 262 eoumrrrsnrvs

148 392 244 448 antur.
280 386 441 445 Concilium
454 391 498 446 est
511 386 649 447 vanitatis
662 387 740 464 quod
753 387 836 447 dooet
848 387 1047 449 Maniehaeus:
1148 411 1151 418 ’

146 484 240 562 primo
263 483 340 561 quod
363 482 489 559 seipsum
511 483 695 543 Paracletum
717 483 887 558 nominavit,
912 486 977 544 tum
1000 485 1049 543 de-

147 581 216 640 inde
235 579 313 657 quod
331 579 472 637 mundum
491 598 509 638 a
528 579 605 639 malo
624 580 736 639 iactum
755 579 835 654 dicit,
852 579 950 638 Deum
964 579 1050 638 (irea-

148 682 239 737 tarem
258 679 355 750 negat,
375 675 593 734 Testamentum
613 675 706 736 Vetus
726 675 870 751 repudiat,
894 695 982 734 unam
1001 677 1052 734 ho-

148 791 225 845 nam,
248 770 336 830 aliem
358 771 464 830 malam
486 774 622 831 naturam
642 771 698 832 sibi
720 771 847 830 invioem
867 770 1052 830 adversantes

150 866 259 940 asserit,
289 870 444 926 ooaeternas
469 867 531 924 Deo
565 866 676 925 animas
707 866 867 936 hominum,
894 867 1052 926 seeundum

148 963 362 1041 Pythagoreos,
382 961 415 1020 in
433 963 559 1039 pecudes
577 966 608 1022 et
628 962 764 1025 animalia
784 967 814 1021 et
832 961 939 1021 bestias
957 962 1052 1021 redire

146 1078 200 1136 per
219 1059 346 1117 diversos
364 1056 502 1116 nascendi
521 1057 644 1117 circulos
664 1057 798 1131 adstruit,
813 1057 1051 1117 resurrectionem

146 1155 242 1216 earnis
261 1159 366 1215 nostrae
387 1157 483 1229 negat,
499 1153 661 1230 passionem
679 1153 798 1213 Domini
818 1157 848 1213 et
866 1153 1051 1213 nativitatem

145 1272 206 1312 non
224 1252 257 1311 in
275 1251 397 1310 veritate
417 1249 521 1322 earnis,
538 1250 587 1308 sed
607 1248 639 1308 in
657 1248 818 1326 phantasiis
837 1248 927 1309 fuisse
948 1249 1050 1310 eonfir-

146 1352 216 1408 mat.
246 1345 409 1406 Consilium
418 1344 557 1404 vanitatis
570 1346 712 1422 estquod
725 1346 835 1404 Paulus
849 1345 1051 1406 Samosatenus

146 1449 178 1504 et
191 1444 254 1521 ejus
267 1446 333 1518 post
342 1443 421 1500 hune
432 1460 583 1514 suceessor,
595 1440 746 1514 Photinus,
758 1441 890 1516 asseruit,
902 1441 1050 1501 Christum

145 1559 204 1599 non
224 1537 313 1596 fuisse
334 1541 401 1596 ante
422 1536 519 1595 secula
538 1540 642 1595 natum
661 1556 699 1595 ex
712 1537 808 1610 Patre,
825 1539 876 1596 sed
896 1557 935 1595 ex
955 1537 1051 1597 Maria

146 1633 275 1710 ooepisse,
298 1636 329 1692 et
351 1651 409 1690 non
431 1632 508 1690 Eum
527 1631 623 1690 Deum
642 1631 789 1691 hominem
807 1637 919 1706 natum,
942 1633 992 1691 sed
1012 1653 1050 1693 ex

147 1729 264 1789 homine
285 1728 382 1787 Deum
401 1728 512 1787 factum
532 1727 688 1787 existimat.
731 1728 892 1788 Consilium
912 1728 1050 1789 vanitatis

145 1829 198 1899 est,
222 1825 299 1902 quod
322 1823 411 1882 Arius
434 1827 522 1901 atque
546 1822 708 1881 Eunomius
731 1824 836 1892 docuit,
861 1823 914 1901 qui
939 1824 1050 1883 Filium

145 1920 202 1980 Dei
214 1940 272 1979 non
286 1938 324 1978 ex
343 1919 406 1996 ipsa
419 1919 513 1979 Patris
528 1919 690 1979 substantia
703 1925 812 1994 natum,
830 1919 879 1978 sed
898 1940 936 1979 ex
955 1920 1049 1980 nihilo

144 2020 274 2077 creatum
294 2016 407 2084 volunt,
422 2019 452 2074 et
471 2014 580 2074 Filium
600 2013 657 2072 Dei
676 2015 783 2074 habere
802 2014 929 2089 initium,
945 2020 976 2076 et
994 2016 1048 2074 mi-

144 2132 245 2172 norem
259 2130 320 2170 esse
335 2110 441 2181 Patre;
464 2110 514 2168 sed
530 2116 560 2170 et
574 2109 717 2186 Spiritum
731 2110 870 2170 Sanctum
882 2130 941 2169 non
954 2113 1048 2170 solum

143 2207 283 2267 minorem
310 2224 370 2264 esse
397 2205 483 2278 Filio,
513 2206 563 2266 sed
598 2209 629 2264 et
658 2205 878 2265 mittendarium
907 2211 1048 2267 asserunt.

143 2303 307 2364 Concilium
326 2302 464 2362 vanitatis
484 2307 577 2362 estet
597 2303 675 2380 quod
695 2302 740 2360 illi
760 2302 852 2374 aiunt,
868 2302 920 2380 qui
938 2303 1048 2362 Filium

143 2401 200 2460 Dei
224 2400 341 2478 quidem
367 2399 403 2457 de
430 2398 594 2459 substantia
621 2397 717 2458 Patris
743 2399 881 2472 fatentur,
909 2399 1047 2458 Senatum

141 2514 211 2554 vero
244 2495 387 2572 Spiritum
419 2500 553 2571 separant
584 2498 616 2554 et
642 2499 813 2569 seeemunt;
848 2514 915 2552 oum
944 2494 1048 2571 utique

142 2613 232 2652 unam
255 2593 433 2668 eandemque
460 2592 602 2652 virtutem
626 2597 656 2653 et
683 2591 868 2650 divinitatem
894 2590 1047 2650 Trinitatis

142 2688 275 2748 ostendat
300 2688 433 2747 Salvator
454 2687 486 2746 in
510 2687 682 2763 Evangelio,
706 2706 773 2745 oum
797 2686 876 2759 dicit,
897 2686 1048 2760 Baptizato

141 2803 230 2843 omnes
254 2788 347 2862 pentes
374 2784 405 2842 in
432 2784 539 2842 nemim
564 2783 672 2855 Patris,
696 2787 723 2841 ei
749 2782 832 2856 m'lll,
861 2787 888 2840 et
917 2781 1047 2856 Spiritus

144 2881 252 2940 Sancti.
294 2880 335 2939 Et
348 2884 392 2939 est
405 2882 503 2957 aperte
516 2879 639 2956 impium
653 2877 778 2955 separari
791 2879 827 2936 ab
840 2877 956 2936 homine
970 2878 1048 2953 quod

141 2975 284 3036 divinitus
306 2976 451 3053 jungitur.
499 2975 662 3034 Concilium
688 2973 828 3033 vanitatis
854 2978 898 3033 est
924 2977 953 3032 et
979 2973 1044 3045 hoo,

141 3072 220 3146 quod
244 3071 313 3130 olim
339 3071 527 3147 congregavit
552 3071 689 3147 pertinax
716 3072 746 3128 et
772 3089 862 3146 prava
889 3067 1043 3141 eontentio,

141 3185 268 3224 asserens
283 3166 430 3225 Christum
443 3186 558 3225 earnem
572 3165 690 3243 quidem
702 3165 861 3222 humanam
874 3162 1041 3241 suscepisse,

139 3280 198 3319 non
211 3267 308 3320 tamen
322 3266 352 3320 et
364 3261 490 3321 animem
502 3261 672 3320 rationalem
685 3283 692 3320 :
715 3280 782 3320 oum
795 3260 898 3338 utique
912 3264 942 3319 et
956 3259 1044 3333 sarni,

131 3362 167 3415 et
183 3358 301 3434 enr‘rnae,
319 3363 350 3418 et
369 3359 468 3419 sensui
487 3360 624 3431 humano,
645 3378 677 3418 ae
698 3357 790 3417 menti
810 3377 869 3417 una
890 3357 1047 3433 eademque
