2356 3780
139 213 177 274 74
447 230 471 271 s.
488 227 556 270 aun.
574 227 730 270 auoosrnsr

139 395 316 455 ineffabilem
334 395 416 454 illius
438 394 597 472 majestatis
621 389 812 454 substantiam
834 393 911 454 sicut
933 395 1054 454 fontem

139 491 230 551 istum
248 491 393 550 visibilem
415 496 503 568 atque
524 510 689 567 corporeum
708 491 756 550 vel
775 491 899 550 fluvium
922 490 970 549 vel
992 511 1043 567 po-

139 588 249 647 tionem
268 588 383 664 cogitet.
424 589 464 646 In
485 588 532 646 his
554 588 632 646 enim
654 608 730 664 aqna
751 587 889 664 illaque
911 607 989 646 nunc
1012 587 1044 646 in

140 685 220 744 fonte
243 693 288 744 est
310 684 373 744 exit
392 683 424 743 in
447 684 579 757 fluvium,
601 704 655 743 nec
677 684 709 743 in
732 704 762 743 aa
784 690 901 758 manet3
925 689 1045 744 etcum

141 780 178 838 de
190 780 281 839 fluvio
293 780 342 839 vel
356 781 391 838 de
410 780 490 839 fonte
509 779 541 838 in
553 780 699 856 potionem
710 780 824 853 transit,
840 800 898 838 non
917 780 959 839 ibi
978 800 1043 856 per-

142 880 240 935 manet
264 877 343 935 unde
369 875 502 934 sumitur.
544 876 648 952 Itaque
674 874 739 933 fieri
763 879 860 952 potest
884 879 920 934 ut
946 876 1044 933 eadem

142 990 220 1047 aqua
237 991 314 1030 nunc
334 971 371 1030 ad
389 970 478 1030 fontis
498 970 719 1047 appellationem
738 970 891 1046 pertineat,
911 990 988 1029 nune
1008 970 1046 1028 ad

143 1065 235 1139 fluvii,
260 1086 338 1125 nune
358 1067 395 1125 ad
413 1066 546 1142 potionis,
568 1085 635 1124 cum
653 1065 686 1123 in
703 1065 757 1123 illa
776 1065 918 1124 Trinitate
938 1065 1045 1123 dixeri·

143 1181 208 1220 mus
227 1182 285 1220 non
303 1182 386 1237 posse
405 1161 523 1221 fierint
542 1162 629 1220 Pater
648 1161 803 1238 aliquando
823 1161 862 1219 sit
874 1161 976 1235 Filius,
993 1161 1046 1219 ali·

145 1258 260 1335 quando
274 1257 400 1334 Spiritus
414 1257 546 1316 Sanctus.
582 1256 666 1315 Sicut
678 1256 710 1314 in
722 1257 822 1315 arbore
834 1275 893 1314 non
905 1265 949 1314 est
962 1256 1047 1314 radix

144 1353 201 1411 nisi
220 1352 314 1425 radix,
329 1372 382 1411 nee
401 1354 490 1412 robur
502 1358 546 1411 est
566 1351 647 1410 aliud
665 1371 753 1428 quam
771 1353 867 1425 robur,
882 1371 936 1410 nec
954 1371 1048 1410 ramos

143 1448 201 1507 nisi
223 1468 317 1506 ramos
342 1467 492 1524 possumus
515 1448 628 1506 dicere:
659 1466 718 1505 non
741 1446 818 1506 enim
841 1448 919 1524 quod
942 1447 1049 1507 dicitur

143 1544 237 1618 radix,
252 1545 285 1602 id
302 1548 398 1621 potest
416 1544 475 1603 diei
493 1547 581 1604 robur
600 1549 631 1604 et
648 1544 740 1616 rami;
764 1563 817 1603 neo
836 1544 951 1619 lignum
970 1545 1049 1622 quod

145 1641 273 1718 pertinet
291 1641 328 1700 ad
347 1641 473 1699 radicem
491 1645 587 1718 potest
606 1641 703 1717 aliquo
717 1641 841 1700 transitu
860 1662 937 1701 nunc
957 1643 989 1701 in
1002 1662 1048 1701 ra·

146 1735 209 1794 dice
229 1754 299 1808 esse,
314 1754 392 1794 nuno
410 1734 442 1793 in
461 1737 569 1808 robore,
592 1755 669 1794 nune
689 1735 721 1794 in
740 1735 836 1809 ramis,
853 1737 902 1794 sed
921 1741 1049 1796 tantum·

146 1831 229 1889 modo
249 1830 281 1889 in
299 1831 414 1890 radice:
447 1851 512 1890 oum
532 1832 585 1890 illa
606 1832 708 1906 regula
726 1832 851 1890 nominis
870 1838 993 1906 maneat,
1015 1837 1050 1892 ut

146 1925 232 1984 radix
244 1926 357 2000 lignum
371 1926 417 1999 sit,
433 1930 464 1986 et
476 1929 564 1985 robur
575 1927 697 2001 lignum,
714 1931 745 1988 et
755 1927 829 1986 rami
846 1928 977 2004 lignum3
997 1947 1050 1986 nea

146 2025 245 2082 tamen
256 2021 314 2081 tria
332 2022 412 2097 ligna
426 2021 568 2096 dicautur,
585 2025 635 2082 sed
647 2044 748 2082 unum.
789 2025 854 2083 Aut
872 2024 897 2082 si
916 2025 978 2082 hoec
998 2025 1050 2082 ha-

146 2120 217 2178 bent
236 2119 363 2196 aliquam
382 2119 654 2192 dissimilitudinem,
670 2122 706 2177 ut
722 2118 832 2196 possint
850 2138 908 2176 non
929 2118 1051 2178 absurde

148 2216 206 2276 tria
232 2216 313 2292 ligna
338 2216 404 2290 dici,
428 2221 546 2292 propter
571 2215 717 2275 firmitatis
743 2215 948 2289 diversitatem,
976 2215 1053 2274 illud

147 2315 224 2370 certe
238 2330 335 2370 omnes
355 2311 522 2383 concedunt,
540 2309 564 2368 si
584 2329 622 2368 ex
634 2330 693 2369 uno
712 2310 792 2369 fonte
805 2309 864 2369 tria
874 2310 979 2386 pocula
998 2309 1052 2367 im·

147 2407 291 2485 pleantur,
306 2426 389 2483 posse
408 2405 466 2463 diei
485 2404 542 2464 tria
561 2406 748 2482 pocula‚t1es
767 2408 866 2464 autem
886 2424 975 2481 aquas
993 2424 1053 2462 non

147 2523 230 2581 posse
256 2502 322 2576 dici,
348 2502 399 2560 sed
425 2500 539 2559 omnino
562 2521 651 2559 unam
673 2521 796 2578 aquam3
825 2519 991 2579 quanquam
1016 2500 1053 2558 de

147 2599 271 2674 singulis
289 2597 401 2675 poculis
419 2597 622 2674 interrogatus,
638 2597 670 2656 in
683 2596 814 2674 quolibet
826 2597 931 2654 horum
945 2614 1050 2672 aquam

149 2714 209 2753 esse
222 2693 409 2769 respondeas:
432 2693 563 2769 quamvis
576 2693 676 2751 nullus
689 2692 737 2750 hio
750 2691 890 2750 transitus
903 2692 963 2762 fiat,
978 2689 1053 2748 siout

149 2794 185 2852 de
198 2793 277 2851 fonte
298 2791 466 2851 indusium
478 2791 651 2850 dicebamus.
694 2790 752 2849 sed
771 2791 843 2864 haec,
858 2810 917 2848 non
936 2792 1055 2866 propter

148 2888 231 2947 illius
253 2886 360 2945 divinae
382 2889 494 2944 naturae
517 2884 744 2958 similitudinem,
772 2885 822 2943 sed
844 2888 962 2960 propter
984 2881 1053 2940 visi-

149 2982 254 3042 bilium
275 2981 362 3041 etiam
382 2981 533 3054 unitatem,
556 2980 713 3056 corporalia
733 2980 866 3055 exempla
887 2980 954 3038 data
975 2981 1052 3050 sunt,

151 3081 186 3136 ut
204 3076 417 3152 intelligeretur
429 3076 493 3134 fieri
512 3096 594 3152 posse
613 3079 649 3134 ut
668 3075 766 3152 aliqua
785 3075 842 3134 tm'a
860 3094 920 3132 non
938 3077 1054 3134 tantum

151 3171 329 3246 singillatim,
354 3172 403 3230 sed
430 3171 517 3230 etiam
544 3171 639 3244 simul,
665 3189 757 3228 unum
780 3170 925 3244 singulare
951 3188 1056 3227 nomen

150 3267 318 3341 obtineant;
346 3286 400 3324 nec
423 3266 576 3343 quisquam
598 3265 721 3324 miretur
741 3270 772 3324 et
795 3267 951 3325 absurdum
971 3268 1057 3342 putet

150 3363 229 3442 quod
242 3363 336 3422 Deum
355 3361 477 3421 dicimus
490 3362 614 3435 Patrem,
630 3361 726 3418 Deum
739 3360 859 3436 Filium,
875 3361 970 3420 Deum
990 3357 1054 3436 Spi-
