2356 3780
142 236 197 291 146
413 249 517 291 runnu
535 247 758 290 counmmarus

138 413 295 489 vivificatur
314 413 373 471 aiat
386 414 472 489 priua
491 412 637 472 moriatur.
676 413 719 470 Ea
741 412 813 489 quod
832 412 956 486 seminas,
979 431 1034 471 noo

138 527 235 582 corpas
261 510 333 586 quod
351 509 486 585 futurum
505 513 545 566 at
570 508 694 582 caminos,
719 509 766 566 aad
787 508 893 568 audam
912 528 1034 584 prauum

140 603 241 670 tritam
265 609 315 663 cut
341 605 457 681 olimpico
483 609 639 663 andaonem
666 604 817 662 caminam:
844 605 921 664 Daca
944 610 1034 664 autem

134 695 187 753 aaa
207 696 255 754 aa
273 716 369 772 corpur
383 702 474 772 prout
492 695 560 756 uult.
603 695 687 761 Quod
703 704 799 754 autem
818 696 850 754 in
867 695 1032 769 seminibus,

137 809 203 867 quae
215 796 251 851 tu
270 791 302 851 in
320 796 427 852 terram
442 791 525 870 jacio,
540 811 592 868 per
610 810 699 849 annos
719 790 846 866 singulos
865 791 928 851 fieri
941 792 1032 867 vides,

137 883 191 943 hoc
216 885 249 943 in
268 889 321 945 tua
340 905 433 960 came,
459 905 524 963 quae
548 885 611 960 lege
632 883 688 942 Dei
712 885 869 966 seminatur
891 883 923 943 iu
945 889 1031 959 terra,

61 1012 68 1028 ι
137 979 271 1039 futurum
290 1001 351 1040 esse
370 1001 428 1040 non
448 980 562 1041 credis?
603 981 669 1054 Cur,
689 999 794 1057 quaeso,
815 984 875 1040 tam
893 984 1033 1054 angustus

137 1079 168 1134 et
186 1075 333 1135 invalidus
351 1075 458 1136 divinae
478 1076 614 1155 potentiae
635 1074 847 1149 aestimatores,
869 1079 904 1135 ut
924 1074 1033 1152 disper·

136 1189 201 1228 eum
214 1171 440 1249 uniuscujusque
461 1171 554 1230 carnis
572 1171 720 1248 pulverem
739 1169 771 1229 in
791 1191 873 1230 suam
892 1170 1033 1230 rationem

137 1267 236 1342 colligi
249 1271 278 1327 et
297 1269 423 1345 reparari
441 1288 523 1345 posse
540 1288 598 1326 non
612 1264 729 1326 credas?
768 1268 818 1325 An
836 1287 894 1325 non
907 1287 1031 1342 censeas,

137 1380 204 1419 cum
217 1361 315 1422 videas
333 1363 411 1441 quod
430 1363 518 1423 etiam
536 1362 657 1422 mortale
676 1361 826 1438 ingenium
839 1362 981 1420 demersas
1000 1362 1032 1421 in

135 1458 311 1533 profundum
323 1463 407 1518 terrae
421 1458 604 1518 metallorum
617 1477 704 1515 venae
723 1457 853 1530 rimatur,
870 1461 900 1516 et
913 1457 1032 1517 artificis

137 1551 237 1610 ooulua
260 1572 364 1611 aurum
384 1553 472 1627 videt,
494 1553 603 1631 inquo
624 1552 775 1629 imperitus
795 1555 902 1610 terram
924 1551 1032 1627 putat?

135 1644 210 1704 Hac
223 1667 275 1705 our
287 1667 345 1706 non
359 1648 538 1708 concedimus
551 1648 589 1706 Ei
602 1647 654 1726 qui
667 1646 736 1706 fecit
749 1646 901 1720 hominem,
917 1647 1033 1723 quando

134 1744 250 1801 tantum
272 1742 298 1801 is
321 1743 373 1821 qui
392 1745 427 1802 ab
443 1745 509 1821 Ipso
529 1744 622 1802 factus
642 1747 685 1802 est
704 1742 817 1821 assequi
837 1741 952 1819 potest?
993 1743 1034 1804 Et

136 1855 202 1894 cum
222 1837 285 1895 auri
305 1857 364 1896 ease
384 1838 528 1915 propriam
548 1857 659 1911 venam,
675 1841 705 1897 et
725 1837 837 1913 argenti
856 1837 950 1911 aliam,
967 1837 1033 1897 aeris

134 1952 250 2010 quoque
262 1934 347 2009 longe
361 1934 512 2011 disparem,
528 1934 598 1992 ferri
614 1954 645 1992 ao
662 1933 775 2010 plumbi
788 1933 938 2006 diversam,
953 1932 1033 1992 intra

135 2027 258 2103 speciem
280 2031 365 2086 terrae
387 2028 487 2101 latere,
509 2028 629 2087 mortale
653 2027 848 2104 deprehendat
869 2025 1028 2101 ingenium,

135 2120 234 2180 divina
246 2120 340 2181 virtus
353 2121 484 2181 invenire
496 2142 577 2199 posse
591 2141 624 2181 ac
637 2121 796 2180 discernere
808 2141 867 2179 non
879 2120 1032 2198 putabitur

135 2216 363 2295 uniuscujusque
384 2218 476 2277 carnis
491 2216 639 2296 proprium
656 2217 781 2290 ce'nsum,
797 2216 884 2276 etiam
898 2214 1033 2276 aividea·

136 2315 187 2372 tur
199 2311 364 2389 dispersus?

176 2413 224 2467 43.
247 2409 304 2468 Sed
324 2409 360 2468 ad
378 2410 441 2468 haec
461 2412 605 2469 tentemus
625 2406 734 2466 animas
757 2425 822 2484 quae
843 2405 981 2466 deficiunt
999 2405 1034 2467 in

134 2501 192 2562 fide
211 2505 393 2564 naturalibus
412 2505 572 2564 rationibus
595 2503 741 2581 adjuvare.
783 2501 816 2562 si
836 2502 902 2580 quis
923 2502 1037 2562 diversa

137 2599 246 2657 semina
264 2600 296 2658 in
309 2620 401 2659 unum
413 2600 591 2677 permisceat,
609 2602 639 2658 et
657 2599 719 2657 haec
739 2596 896 2657 indiscreta
915 2597 1038 2658 seminet

136 2684 186 2753 vel
197 2695 303 2771 passim
324 2699 439 2772 spargat
457 2695 489 2754 in
501 2699 617 2768 terram,
633 2713 727 2753 nonne
740 2692 973 2770 uuiuscujusque
993 2711 1038 2751 se-

136 2789 223 2848 minis
244 2811 374 2866 granum,
397 2810 569 2868 quocunque
591 2790 648 2849 loci
667 2790 781 2867 jactum
801 2788 900 2862 fuerit,
923 2807 1037 2864 compe-

136 2885 212 2946 tenti
230 2889 358 2962 tempore
378 2886 535 2945 secuudum
554 2889 667 2944 naturae
692 2903 751 2943 suae
775 2883 899 2960 speeiem
919 2902 1040 2958 germen

137 2980 280 3057 producit,
296 2984 331 3039 ut
344 2984 454 3043 statum
467 2999 526 3038 euae
539 2981 637 3039 formae
652 2979 755 3057 auique
769 2978 892 3055 corporis
904 2981 1040 3054 reparet?

137 3079 187 3137 Ita
199 3096 266 3152 crgo
279 3075 507 3154 uniuscujusque
520 3075 614 3134 carnis
627 3074 796 3147 substantia,
812 3073 944 3150 quamvis
957 3073 1038 3135 varic

138 3173 306 3251 diverseque
334 3172 460 3248 dispersa
488 3171 534 3246 eit,
557 3172 631 3231 ratio
657 3176 755 3232 tamen
780 3171 842 3247 ipsa
868 3189 933 3247 quae
959 3169 1038 3231 ineat

138 3267 295 3345 unicuique
309 3266 387 3325 carni
406 3272 450 3327 cst
469 3267 647 3340 immortalis,
664 3267 733 3345 quia
749 3265 918 3325 immortalis
931 3265 1037 3326 anima

133 3383 201 3422 caro
221 3368 273 3438 est,
299 3382 336 3422 ex
357 3382 390 3423 eo
409 3367 536 3441 tempore
556 3383 613 3441 quo
634 3361 779 3422 seminatis
798 3361 830 3422 in
849 3365 954 3422 terram
973 3381 1035 3422 cor·
