2356 3780
136 182 193 243 176
451 198 475 240 s
490 197 603 254 nsorrs,
621 194 713 251 πω,

133 383 243 451 lumen,
256 381 288 441 in
302 385 467 440 sancmmm
480 380 696 459 scripturarum
715 380 872 440 latitudine
890 379 1036 452 laborare,

133 479 215 537 illam
239 477 340 535 saltem
363 496 544 535 communem
566 482 598 536 et
617 476 802 536 indiscretam
825 473 1038 535 confessionem
1087 472 1091 479 '

134 574 258 633 sollicito
283 573 437 647 recepisset
468 573 582 645 enditn,
611 591 670 649 qna
700 572 834 631 fidelium
857 570 1039 631 universitas

133 669 296 747 profitetur,
310 668 448 726 cnmm
461 687 494 727 sn
506 687 543 727 ιι
557 669 649 728 Dm
661 668 783 727 Pnrnmr
795 684 1036 738 ornumornum,

133 783 170 822 rr
189 764 513 834 minorennium,
532 783 639 823 mm
657 783 726 824 sens
743 782 869 837 mccx,
884 763 1038 822 Domum

133 877 277 932 romunt,
298 877 350 920 em
369 878 462 917 nurus
480 878 531 917 usn
549 878 589 919 nr
608 861 731 919 Sammo
749 878 853 918 serem
872 877 909 917 rr
927 858 1037 919 itinn

134 953 276 1012 Vmerus.
319 953 435 1029 Quibus
447 955 544 1014 tribus
553 955 706 1015 sententiis
726 955 855 1013 omnium
867 956 929 1014 fere
941 954 1037 1014 haere-

132 1049 258 1110 tinorum
283 1049 425 1108 machine
452 1049 651 1109 destruuntur.
693 1050 768 1109 Cum
792 1050 872 1110 enim
895 1051 979 1110 Deus
1005 1054 1039 1111 et

134 1144 316 1221 omnipotens
339 1148 370 1203 et
390 1144 478 1204 Pater
500 1144 637 1218 creditum,
660 1145 907 1222 consempiternus
929 1144 1038 1205 Eidem

133 1241 229 1302 Filius
252 1240 475 1312 demonstretur,
496 1238 529 1297 in
550 1239 633 1298 nullo
653 1259 671 1299 a
690 1241 777 1299 Patre
799 1240 946 1310 differens,
963 1241 1038 1318 quia

133 1337 170 1397 de
190 1336 252 1395 Deo
271 1337 361 1409 Deus,
383 1336 420 1394 de
439 1335 636 1411 omnipotente
656 1335 847 1414 omnipotens,
868 1336 904 1395 de
924 1339 1037 1397 oeterno

132 1441 220 1494 natus
243 1437 288 1492 est
310 1436 487 1505 coeternum
507 1451 566 1490 non
585 1432 725 1508 posterior
744 1437 881 1509 tempore,
906 1451 966 1492 non
989 1433 1038 1494 in·

133 1528 222 1587 ferior
240 1531 392 1603 potestate,
414 1546 473 1585 non
492 1526 641 1586 dissimilis
661 1528 761 1603 gloria,
780 1547 839 1587 non
858 1527 971 1586 divisus
990 1547 1037 1588 es·

134 1623 246 1683 sentia:
269 1622 353 1680 Idem
362 1641 430 1680 vero
443 1621 611 1699 sempiterni
624 1622 771 1683 Genitoris
780 1622 950 1698 unigenitus
959 1642 1038 1684 sem·

133 1720 266 1797 piternus
285 1723 373 1778 natus
392 1724 437 1777 est
456 1719 492 1778 de
507 1719 620 1795 Spiritu
641 1724 739 1780 saneto
759 1728 790 1780 et
802 1719 897 1779 Maria
908 1719 1037 1795 virgine.

134 1819 207 1885 Quae
220 1815 360 1876 nativitas
369 1818 535 1894 temporalis
546 1818 593 1876 illi
604 1819 754 1879 nativitati
766 1818 873 1880 divine
886 1822 917 1878 et
929 1822 1039 1898 sempi-

134 1921 224 1975 temoe
245 1911 321 1970 nihil
340 1912 457 1987 minuit,
472 1913 548 1971 nihil
567 1916 701 1989 contulit,
723 1916 772 1975 sed
791 1920 883 1975 totam
902 1935 933 1975 se
951 1935 1039 1993 repa·

134 2010 222 2069 rande
236 2007 356 2082 homini,
373 2008 424 2086 qui
442 2013 506 2068 eret
518 2009 665 2087 deceptus,
679 2011 839 2089 impendit:
861 2016 897 2073 ut
910 2016 940 2073 et
958 2032 1038 2074 mor·

133 2111 194 2167 tem
202 2103 339 2177 vinceret,
352 2111 382 2164 et
394 2104 550 2176 diabolum,
561 2105 614 2183 qui
626 2107 727 2167 mortis
736 2109 861 2168 habebat
868 2108 1037 2185 imperinm,

133 2221 187 2262 sua
207 2199 317 2259 virtute
337 2200 507 2260 destrueret.
548 2201 616 2261 Non
636 2203 714 2261 enim
734 2223 869 2281 superare
887 2223 1039 2281 possemus

133 2292 245 2373 peccati
265 2296 296 2351 et
314 2291 415 2351 mortis
435 2297 590 2365 auctorem,
605 2293 663 2353 nisi
682 2300 817 2355 usturam
835 2300 964 2356 nostram
976 2296 1039 2358 Ille

134 2391 300 2467 susciperet,
323 2395 353 2449 et
373 2409 456 2449 suem
474 2390 592 2464 faceret,
615 2411 702 2468 quem
721 2412 775 2452 nec
797 2399 949 2470 peccudum
967 2413 1038 2455 ocn-

133 2487 285 2560 taminare,
300 2505 354 2545 nec
366 2505 443 2545 mors
460 2486 559 2563 potuit
571 2487 710 2547 detinere.
751 2489 914 2565 Conceptus
927 2488 1039 2567 quippe

134 2590 179 2645 est
191 2584 227 2642 de
242 2582 354 2660 Spiritu
368 2584 474 2642 Sancto
486 2583 564 2642 intra
577 2586 695 2643 uterum
708 2584 810 2643 matris
822 2583 953 2661 virginis,
968 2603 1038 2661 quse

134 2679 225 2739 Illum
239 2678 282 2737 ita
301 2677 381 2737 selva
393 2677 562 2754 virginitate
580 2678 681 2748 edidit,
696 2680 938 2757 quemadmodum
956 2680 1039 2741 salva

133 2773 302 2850 virginitate
315 2772 455 2849 concepit.

174 2869 232 2929 Sed
251 2868 326 2927 side
344 2869 399 2926 hoo
412 2868 577 2930 christianae
596 2868 665 2929 fidei
677 2870 758 2930 fonte
777 2869 932 2951 purissimo
946 2870 1038 2934 sinee-

133 2984 200 3024 rnm
219 2963 402 3024 intellectum
421 2964 539 3024 haurire
558 2985 617 3024 non
629 2968 752 3042 poterat,
766 2967 836 3043 quia
856 2967 1039 3046 splendorem

133 3060 291 3138 perspicuae
304 3058 438 3119 veritatis
450 3061 640 3120 obcaecatione
663 3061 719 3120 sibi
731 3061 848 3138 proprie
859 3064 1036 3140 tenebrarat¹

134 3155 271 3216 doctrinae
291 3175 321 3214 se
341 3156 516 3232 evangelice
542 3157 726 3218 subdidisset.
766 3160 808 3219 Et
827 3158 941 3218 dicente
961 3160 1039 3223 Mat-

132 3252 220 3325 thaeo,
241 3250 528 3327 propensatione
547 3253 614 3312 Jcso
637 3253 754 3328 Christi,
767 3254 834 3331 filo·
851 3255 956 3327 David,
971 3256 1041 3333 filii

132 3346 290 3424 Abrohom,
318 3345 481 3424 apostolice
502 3366 618 3426 quoqne
640 3349 855 3428 predicationis
876 3350 1039 3430 expetisset
