2356 3780
389 222 428 263 sn
447 221 617 263 mmm
633 220 775 261 nannoni.
976 197 1033 258 179

136 422 216 462 suam
246 406 369 480 utusque
398 406 520 462 natura:
555 405 585 460 et
615 400 691 459 sieut
722 400 845 459 formam
874 397 950 458 servi
978 398 1035 457 Dei

135 500 227 559 forma
248 518 306 558 non
333 498 443 571 adimit,
466 497 510 557 ita
534 498 656 556 formam
678 496 735 555 Dei
762 497 838 556 servi
858 498 951 557 ferma
977 515 1036 555 non

136 594 253 654 minuit.
293 594 370 653 Nam
390 593 459 671 quia
476 592 655 669 gloriabatur
671 592 812 666 diabolus,
827 593 973 652 hominem
986 610 1038 650 sua

135 691 238 750 fraude
251 690 404 767 deceptum
417 687 522 748 divinis
535 688 660 746 nexuisse
679 689 858 759 muneribus,
871 693 903 748 et
921 687 1036 746 immor-

137 785 259 846 talitatis
282 786 348 845 dote
371 784 514 844 nudatum
535 784 638 842 duram
661 782 762 843 mortis
782 783 904 842 subiisse
924 789 1039 842 senten.

137 880 218 953 tiam,
241 900 328 958 seque
348 880 380 938 in
402 879 486 939 malis
509 879 569 939 suis
590 879 734 956 quoddam
754 879 791 938 de
811 876 1041 955 praevmioatoris

138 975 278 1036 oonsortio
301 975 445 1034 invenisse
469 974 612 1047 solatium,
641 974 738 1033 Deum
764 992 889 1051 quoque,
911 972 1037 1049 justitiae

138 1072 274 1154 exigente
293 1071 413 1146 ratione,
429 1090 497 1147 erga
508 1071 664 1144 hominem,
681 1089 769 1147 quem
787 1068 820 1128 iu
831 1072 914 1128 tanto
928 1068 1036 1126 honore

139 1154 313 1241 condiderit,
338 1167 484 1244 proptiam
507 1170 633 1226 mutasse
661 1163 853 1236 sententiam3
883 1182 955 1240 opus
977 1162 1038 1221 fuit

141 1262 243 1322 secreti
262 1262 474 1340 dispensatione
494 1262 616 1335 consilii,
631 1266 666 1321 ut
685 1259 929 1320 incommutabilis
949 1259 1037 1333 Deus,

141 1357 225 1433 eujus
237 1357 371 1416 voluntas
390 1376 449 1415 non
461 1362 556 1433 potest
576 1376 628 1415 sua
647 1355 827 1430 benignitate
847 1353 965 1432 privari,
981 1353 1041 1431 pri·

140 1471 217 1510 mam
238 1472 306 1528 erga
327 1472 380 1512 nos
402 1452 519 1530 pietatis
543 1470 602 1511 suoe
626 1450 842 1528 dispositionem
864 1452 1041 1508 sacramento

141 1547 295 1607 oooultiore
318 1548 493 1625 compleret5
528 1552 559 1607 et
584 1548 678 1620 homo,
705 1545 854 1606 diabolieae
876 1543 1042 1620 iniquitatis

140 1645 268 1705 versutia
287 1649 368 1705 aetus
387 1645 419 1704 in
438 1644 563 1722 eulpam,
585 1649 684 1704 eontra
703 1642 760 1704 Dei
783 1641 962 1721 propudium
982 1660 1040 1700 non

141 1741 257 1818 periret.

217 2013 283 2069 Cir.
301 2012 388 2068 ΠΙ.-
395 2013 536 2086 Utriusque
549 2013 651 2070 ataui
663 2013 816 2070 nativitatis
826 2022 850 2069 et
861 2021 968 2068 natura

400 2103 573 2172 proprietates
584 2095 777 2172 mundantur.

183 2221 368 2278 Iuennnmun
387 2237 455 2295 ergo
474 2220 537 2279 haeo
560 2219 662 2279 mundi
683 2219 783 2278 infima
803 2218 899 2277 Filius
917 2218 983 2292 Dei,
1005 2219 1042 2277 de

144 2314 252 2374 caelesti
267 2315 333 2374 sede
352 2314 536 2386 descendens,
552 2318 582 2373 et
601 2332 619 2371 a
637 2318 758 2388 patema
778 2312 869 2388 gloria
888 2332 947 2372 non
966 2331 1042 2372 reee-

144 2412 223 2485 dens,
241 2429 323 2479 ¹novo
346 2408 453 2481 ordine,
478 2427 555 2467 nova
575 2407 730 2467 nativitate
754 2415 914 2484 generatus.
958 2408 1042 2468 Novo

144 2507 253 2580 ornus,
273 2504 343 2583 quia
365 2489 521 2563 invisibilii
542 2502 574 2561 n
594 2501 662 2576 suis,
684 2502 808 2562 ussus
827 2504 921 2564 aetus
941 2507 986 2564 es
1012 2503 1044 2562 n

144 2602 258 2672 nostris,
286 2601 293 2613 '
316 2598 579 2678 comprehensibilis
604 2597 699 2658 voluit
724 2599 946 2681 comprobandi3
977 2602 1044 2659 ante

144 2704 274 2775 tempora
280 2621 822 2772 mun—nom
844 2695 1045 2754 universitatis

145 2794 287 2854 Dominus
307 2792 441 2852 servilem
460 2793 590 2865 formam,
612 2793 782 2852 obumbrata
800 2791 959 2871 majestatis
982 2809 1042 2851 suae

145 2883 506 2979 immensitate-summit}
527 2886 712 2975 impassibilis
725 2882 811 2951 ¹Deus
829 2875 895 2946 non'
907 2886 1043 2964 dedigna-

134 2970 269 3046 ”dissi
280 2970 365 3068 homo
388 2991 449 3044 esse
468 2982 621 3061 passibilis,
643 2987 674 3043 et
692 2983 862 3044 immortalis
881 2983 982 3044 mortis
999 2983 1043 3041 le-

147 3085 245 3160 gibus.
258 3084 414 3161 subjaoere.
465 3082 550 3142 Nova
575 3083 673 3140 eutem
699 3081 853 3141 nativitate
881 3084 1043 3157 generatus,

146 3181 217 3260 quia
234 3180 374 3239 inviolata
389 3160 546 3254 virginitus
558 3163 819 3255 ‚concupiscentiam
836 3166 968 3251 nescivit,
984 3197 1044 3236 oar·

146 3277 198 3336 nis
219 3275 369 3336 materiam
399 3273 583 3334 ministiavit.
629 3275 786 3351 Assumpta
816 3277 861 3333 est
886 3270 923 3332 de
953 3277 1045 3332 matre
1133 3310 1140 3322 ·

149 3371 276 3448 Domini,
309 3376 423 3444 natiue,
451 3388 510 3430 non
543 3369 646 3448 eulpa3
679 3389 732 3430 neo
763 3369 795 3429 in
823 3368 946 3445 Domino
975 3370 1046 3429 Jnsu
