2356 3780
107 210 164 266 122
338 264 341 267 .
379 227 485 268 surm
504 227 727 270 commissuros

105 406 301 482 designanmt,
316 427 354 466 na
374 428 413 466 ex
432 409 531 487 aliqua
552 413 635 486 parte
648 409 732 472 uelut
750 429 824 485 vaga
844 413 875 469 ct
892 409 1005 470 incerta

105 506 251 578 gestorum
268 503 386 563 traditio
401 504 559 564 vacillaret.
585 504 765 564 ‚Sciendum
778 523 846 563 sanc
865 508 909 563 cst
928 505 1006 581 quod

51 643 53 646 ψ
104 598 137 658 in
160 598 296 659 Ecclesiae
310 599 447 660 Romanae
475 601 603 678 symbolo
629 619 688 659 non
712 601 838 659 habetur
863 598 1003 673 additum,

105 693 272 753 Duscnrnrr
289 712 328 752 su
345 694 488 770 Iurunrn,
505 697 555 754 sed
571 715 666 773 neque
685 694 717 753 in
731 694 857 754 Orientis
870 693 1007 753 Ecclesiis

106 790 230 849 habetur
251 789 300 849 hic
327 809 436 850 sermo:
468 791 513 850 vis
538 794 636 850 tamen
658 790 740 850 verbi
766 790 865 849 eadem
891 790 1007 850 videtur

106 904 167 944 esse
180 886 211 944 in
225 905 258 944 eo
272 885 350 963 quod
365 889 385 919 “
397 886 547 963 sepultus'’
562 886 677 946 dicitur.
721 886 778 945 Sed
791 885 926 964 quoniam
940 905 1007 961 erga

105 980 262 1056 scripturas
281 980 337 1040 tibi
357 980 470 1041 divinas
488 1002 567 1040 amor
586 984 616 1041 et
637 981 766 1041 studium
786 981 923 1059 subjacet,
946 980 1007 1039 sine

105 1077 193 1135 dubio
213 1076 285 1136 dicis
304 1077 386 1150 mibi,
410 1079 547 1155 Oportere
566 1079 629 1137 haec
648 1077 740 1154 magis
760 1077 943 1137 evidentibus
963 1076 1007 1135 di·

104 1172 181 1231 vinae
206 1173 363 1249 Scripturas
383 1174 557 1233 testimoniis
579 1173 740 1250 approbari.
792 1173 907 1238 Quanto
931 1171 1008 1230 enim

105 1269 214 1345 majora
230 1272 297 1328 sunt
310 1288 376 1345 quoe
395 1270 536 1329 credenda
557 1273 634 1343 sunt,
649 1272 731 1328 tanto
751 1268 861 1327 idoneis
873 1267 965 1344 magis
979 1271 1009 1327 et

104 1365 277 1425 indubitatis
297 1365 421 1425 testibus
438 1365 578 1441 indigent.
620 1366 697 1427 Vara
709 1365 817 1443 quippe
838 1369 882 1424 est
899 1368 930 1424 et
942 1384 1008 1423 con·

106 1481 229 1540 sequens
248 1462 311 1520 haec
330 1461 495 1539 propositio.
538 1461 596 1521 Sed
617 1481 669 1520 nos
688 1465 828 1539 tanquam
851 1459 1009 1520 scientibus

106 1556 201 1633 legem
213 1557 364 1634 loquentes
380 1556 609 1616 testimoniorum
630 1557 741 1634 sylvam
758 1554 909 1616 brevitatis
924 1575 1010 1615 causa

106 1652 323 1729 dereliquimus.
365 1653 461 1713 Pauca
483 1657 581 1713 tamen
604 1674 643 1713 ex
664 1653 774 1727 multis,
798 1652 824 1712 si
846 1653 934 1711 ctiam
954 1651 1009 1710 hoc

105 1747 273 1826 requiritur,
302 1748 497 1822 adhibeamus,
528 1749 650 1808 scientes
681 1748 815 1808 studiosis
847 1733 1009 1825 quibusque

106 1844 138 1902 in
152 1842 309 1920 scripturis
328 1843 435 1902 divinis
455 1844 626 1903 latissimum
643 1843 871 1903 testimoniorum
889 1844 1009 1921 pelagus

106 1943 215 2019 patere.

148 2041 194 2095 19.
216 2035 313 2095 Primo
340 2055 407 2112 ergo
434 2035 563 2095 omnium
589 2034 737 2095 sciendum
763 2039 816 2110 est,
842 2034 919 2113 quod
945 2033 1009 2111 ipsa

106 2132 181 2192 ratio
201 2134 294 2192 crucis
314 2153 374 2192 non
394 2132 526 2191 omnibus
539 2152 597 2191 una
618 2131 774 2208 eademque
794 2134 847 2205 est,
863 2131 913 2190 sed
930 2129 1029 2188 aliud.

107 2229 251 2305 gentibus,
267 2229 348 2288 aliud
360 2229 380 2288 J
380 2228 480 2303 udaeis,
497 2228 577 2286 aliud
595 2227 778 2287 credentibus
792 2227 875 2305 sapit,
892 2226 967 2286 sicut
980 2229 1010 2286 ct

106 2325 263 2403 Apostolus
285 2325 365 2397 dicit,
386 2325 447 2385 Noa
468 2330 558 2383 catam
584 2323 725 2383 Christum
740 2325 927 2400 predicamus
947 2341 1010 2381 aa·

107 2422 228 2499 afleitan,
250 2423 357 2482 Judaia
380 2422 489 2499 quidm
510 2420 675 2494 scandalum,
689 2420 813 2497 pactibus
833 2423 922 2478 actem
940 2416 1011 2475 atal-

108 2519 210 2592 tc'tiam,
237 2518 308 2592 alisia
328 2518 438 2590 vocatia,
462 2516 569 2575 Jodaeis
592 2521 619 2574 at
647 2515 759 2588 Gracia,
788 2515 932 2574 Oluiatum
953 2513 1013 2572 Dei

107 2614 238 2674 virtatem
261 2617 288 2671 ct
311 2613 369 2670 Dei
390 2613 577 2686 sapientiam
603 2615 633 2670 et
656 2610 772 2684 ibidem,
803 2609 916 2669 Verbum
939 2608 1010 2668 caim

107 2710 197 2770 crucia
211 2706 393 2784 percuntibus
412 2706 537 2765 stultitia
558 2711 607 2780 ost,
628 2706 672 2764 bia
689 2726 750 2765 cero
768 2707 819 2783 qui
836 2707 910 2765 cclvi
919 2707 1007 2782 fiunt,

107 2805 138 2864 id
158 2808 211 2879 est,
226 2803 317 2877 nobis,
333 2804 424 2862 cirtae
442 2803 500 2861 Dca'
518 2807 566 2860 cat.
607 2800 704 2862 Judaei
723 2805 830 2874 autem,
847 2801 953 2879 quibus
973 2818 1011 2859 ex

107 2902 172 2977 lege
199 2901 339 2960 traditum
365 2901 469 2974 fuerat,
497 2898 645 2958 Christum
671 2895 704 2957 in
729 2901 870 2957 aeternum
894 2916 1011 2956 mansu-

107 3017 183 3071 rum,
209 2997 375 3055 scandalum
401 2995 586 3072 patiebantur
608 2994 643 3053 de
667 3013 750 3052 cruce
778 2993 849 3070 ejus,
875 2992 944 3069 quia
966 3011 1012 3050 re-

108 3093 317 3152 surrectionem
343 3091 407 3169 ejus
432 3091 558 3168 recipcre
585 3091 749 3149 noluerunt.
791 3088 933 3148 Gentibus
960 3107 1012 3146 an·

110 3192 171 3248 tem
189 3187 316 3247 stultitia
330 3186 492 3260 videbatur,
508 3187 604 3246 Deum
619 3189 740 3245 mortem
758 3183 924 3260 suscepisse,
940 3182 1011 3260 quia

109 3285 281 3360 ignorabant
303 3281 474 3360 mysterium
497 3283 590 3342 carnis
616 3285 760 3341 assumtae.
801 3279 917 3338 Fideles
939 3297 1010 3336 vero

95 3379 157 3455 qui
167 3383 201 3440 et
216 3383 323 3439 natum
338 3381 369 3440 et
384 3397 504 3457 passum
516 3378 548 3438 in
562 3397 645 3438 carna
665 3379 849 3454 susceperant
861 3379 892 3435 et
904 3395 921 3434 a
933 3392 1009 3432 mor-
