2356 3780
144 206 181 265 72
376 267 380 273 ,
452 225 475 267 s.
493 225 561 265 aun
581 223 738 265 sueusrrrr

142 403 218 461 rium
232 408 283 477 est,
299 404 352 464 ubi
364 424 430 463 vere
445 408 488 464 est
505 405 647 480 templum
659 404 716 462 Dei
734 404 759 462 si
778 424 797 462 a
807 407 921 463 terrena
934 404 1045 480 cupidi·
1068 390 1071 395 ’

141 505 202 561 ate
216 503 304 577 atque
323 519 418 559 errore
437 501 603 560 mundetur.
644 500 692 558 Ad
705 501 854 560 dexteram
873 520 940 575 ergo
959 500 1046 560 intel·

141 595 291 671 ligandum
304 599 348 655 est
362 595 402 654 sio
415 596 525 656 dietum
539 615 608 670 esse,
621 595 653 654 in
667 616 778 654 summa
789 596 978 670 beatitudine,
993 597 1046 656 ubi

137 688 255 766 justitia
268 693 299 748 et
310 709 369 766 pax
383 693 413 748 et
433 689 571 763 gaudium
584 694 646 747 est:
669 689 744 747 siout
757 690 795 758 ad
812 689 956 748 sinistram
968 690 1046 749 haedi

141 785 365 856 oonstituuntur,
391 784 497 858 idest,
521 785 553 843 in
579 784 702 857 miseria,
726 789 843 861 propter
865 785 1043 862 iniquitates,

140 881 251 938 labores
264 883 352 956 atque
365 880 518 939 eruciatus.
545 881 649 939 Sedere
663 899 731 954 ergo
744 881 822 957 quod
835 881 943 940 dicitur
955 882 1046 956 Deus,

141 995 199 1034 non
218 977 411 1035 membrorum
430 976 609 1052 positionem,
633 976 683 1034 sed
698 976 884 1053 judiciariam
904 977 1047 1052 signifieat

140 1078 321 1151 potestatem,
343 1094 401 1152 qua
423 1075 476 1132 illa
497 1074 632 1151 majestas
654 1093 803 1151 nunquam
826 1077 912 1146 oaret,
936 1093 1047 1150 semper

140 1168 228 1244 digna
251 1169 346 1244 dignis
370 1169 540 1242 tribuend03
572 1169 704 1246 quamvis
730 1169 762 1227 in
785 1173 914 1228 extremo
934 1169 1046 1247 judioio

141 1265 233 1324 multo
259 1264 439 1324 manifestius
461 1266 539 1324 inter
558 1264 689 1323 homines
715 1263 859 1339 unigeniti
881 1264 952 1323 Filii
978 1265 1043 1339 Dei,

137 1361 247 1439 judiois
268 1362 401 1421 vivorum
424 1367 511 1440 atque
534 1367 721 1436 mortuorum,
746 1362 860 1421 claritas
882 1361 1046 1421 indubitata

142 1460 242 1519 iirtura
255 1459 302 1518 sit.

184 1559 229 1613 15.
252 1554 401 1613 Credimus
414 1553 500 1614 etiam
520 1573 593 1612 runn
606 1573 766 1613 vnnruaun
779 1551 1046 1612 convenientissimo

142 1655 278 1726 tempore,
294 1669 329 1708 nr
347 1669 551 1709 summrunun
571 1669 655 1708 vrvos
674 1669 709 1708 nr
729 1668 880 1708 nonruos:
903 1649 963 1708 sive
982 1649 1046 1707 istis

143 1746 307 1805 nominibus
325 1746 400 1823 justi
423 1751 453 1804 et
474 1750 636 1821 pensatores
659 1746 867 1820 significentur,
891 1745 951 1804 sive
975 1764 1046 1821 quos

141 1847 212 1901 tuno
226 1846 292 1901 ante
305 1846 426 1900 mortem
439 1842 471 1900 in
482 1841 569 1900 terris
585 1841 759 1901 inventurus
772 1845 817 1901 est
835 1841 974 1918 appellati
987 1840 1047 1899 sint

144 1938 260 2011 “vivi”
279 1943 298 1971 “
308 1938 433 1998 mortui'’
448 1958 517 1997 vero
531 1938 583 2015 qui
596 1938 628 1997 in
641 1939 705 2016 ejus
718 1940 845 1998 adventu
858 1937 1046 1997 resurrecturi

120 2088 123 2105 ,
140 2038 218 2093 sunt.
253 2034 327 2093 Haeo
339 2035 513 2110 dispensatio
526 2035 691 2110 temporalis
703 2054 761 2092 non
774 2039 889 2094 tantum
903 2039 955 2106 est,
971 2033 1047 2092 siout

120 2124 192 2220 {issa
212 2131 357 2205 generatio
377 2131 533 2188 seeundum
553 2132 656 2202 Deum,
677 2131 834 2190 sedetiam
852 2131 911 2190 fuit
930 2134 960 2189 et
980 2130 1043 2188 erit.

140 2228 217 2287 Nam
229 2227 287 2286 fuit
300 2227 441 2285 Dominus
459 2231 556 2286 noster
568 2227 600 2284 in
613 2226 706 2300 terris,
722 2231 753 2286 et
770 2246 847 2285 nuno
860 2226 949 2285 estin
962 2225 1043 2297 ooelo,

139 2323 245 2383 eterit
267 2323 299 2381 in
319 2323 449 2382 claritate
469 2323 565 2399 judex
587 2322 720 2382 vivorum
743 2326 831 2399 atque
854 2325 1042 2380 mortuorum.

139 2420 189 2479 Ita
215 2418 292 2478 enim
318 2419 416 2478 veniet
442 2419 518 2477 siout
543 2418 680 2490 aseendit,
707 2418 865 2476 seeundum
891 2416 1045 2475 auotorita-

139 2522 200 2576 tem
219 2536 284 2594 quae
303 2515 335 2574 in
348 2516 472 2574 dotibus
485 2516 690 2592 Apostolorum
709 2515 882 2575 continetur,
923 2515 972 2572 Ex
991 2514 1046 2572 hao

139 2613 238 2688 itaque
257 2611 409 2688 temporali
429 2611 639 2687 dispensatione
658 2609 789 2687 loquitur
807 2610 840 2667 in
859 2609 1043 2686 Apocalypsi,

139 2707 192 2766 ubi
211 2707 351 2783 seriptum
369 2711 422 2780 est,
440 2707 511 2766 Hae
532 2708 602 2766 aaa
624 2707 675 2784 qui
686 2711 735 2779 ost,
751 2711 777 2764 et
798 2707 849 2784 qui
859 2706 932 2782 suit,
952 2710 978 2764 ot
996 2706 1047 2783 qui

140 2808 271 2863 saturas
284 2807 333 2861 ost.

181 2903 226 2958 16.
248 2898 369 2972 Digesta
389 2897 488 2974 itaque
511 2897 638 2974 fideique
661 2897 867 2970 commendata,
894 2901 924 2956 et
947 2897 1048 2956 divina

139 2995 257 3054 Domini
269 2993 361 3053 nostri
374 2998 404 3053 et
417 2994 544 3051 humana
558 2991 779 3068 dispensatione,
795 2992 966 3070 adjungitur
979 3013 1045 3053 oon·

139 3089 257 3148 sessioni
279 3092 392 3160 nostra,
419 3089 457 3146 ad
479 3087 683 3164 perficiendam
705 3087 793 3146 fidem
816 3108 881 3165 quae
904 3089 986 3149 nobis
1009 3090 1045 3148 de

139 3185 202 3243 Deo
225 3187 277 3256 est,
300 3184 436 3243 Srrnrrus
456 3183 595 3256 Sinarus,
617 3203 676 3241 non
697 3183 807 3242 minore
830 3190 935 3244 natura
958 3205 1046 3262 quam

138 3280 226 3340 Pater
248 3283 278 3338 ot
300 3278 402 3352 Filius,
425 3279 484 3351 sed,
506 3283 541 3337 ut
560 3279 603 3337 ita
622 3277 724 3352 dicam,
745 3281 996 3340 consubstantialis
1015 3285 1047 3341 et

195 3379 314 3448 temus3
338 3373 407 3451 quia
426 3372 482 3434 ista
503 3373 630 3433 Trinitas
649 3392 726 3434 unus
747 3378 791 3435 est
810 3375 909 3436 Deus:
931 3394 990 3435 non
1009 3380 1047 3436 ut
