2356 3780
171 207 209 266 86
477 225 500 269 1.
518 226 585 268 sun
600 224 759 268 1111111111

170 388 195 448 si
207 389 307 467 inique
321 409 413 466 agere,
428 411 487 449 non
500 395 574 451 esset
590 390 776 467 omnipotens,
792 389 861 469 quia
874 390 899 449 si
911 390 965 449 hoo
977 389 1009 449 in
1022 390 1066 448 Eo

170 488 254 556 esset,
266 505 325 545 non
337 486 440 548 fuisset
452 487 558 564 dignus
571 487 622 565 qui
634 493 708 545 esset
721 486 909 562 omnipotens.
943 487 1064 545 Prorsus

169 582 347 659 omnipotens
356 584 443 643 Pater
454 587 550 643 noster
561 602 678 660 peecare
690 602 748 641 non
761 586 864 658 potest.
888 581 971 642 Facit
981 581 1065 660 quid·

170 676 242 752 quid
253 677 338 738 vult:
361 678 424 754 ipsa
438 683 481 739 est
495 677 711 756 omnipotentia.
738 677 823 738 Facit
836 677 977 755 quidquid
989 678 1064 737 bene

167 772 243 842 vult,
267 774 410 853 quidquid
426 775 507 853 juste
529 776 612 848 vult;
642 774 785 853 quidquid
804 780 901 834 autem
920 774 995 834 male
1016 774 1062 849 fit,

168 886 227 926 non
240 868 314 929 vult.
350 871 445 930 Nemo
457 869 567 930 resistit
579 869 778 947 omnipotenti,
793 876 896 929 utnon
909 869 986 947 quod
998 869 1065 931 vult

167 961 266 1026 faeiat.
302 965 370 1041 Ipse
383 965 453 1025 feeit
466 965 572 1027 ooelum
584 969 616 1025 et
628 971 742 1038 terram,
758 983 836 1024 mare
849 971 879 1024 et
890 965 986 1036 omnia
999 981 1064 1042 quae

166 1056 200 1116 in
209 1057 251 1118 eis
260 1061 338 1128 sunt,
347 1059 505 1119 invisibilia
515 1063 545 1120 et
554 1058 898 1132 visibilia-invisibilia,
908 1058 983 1119 sieut
996 1064 1066 1121 sunt

167 1153 200 1214 in
218 1154 300 1216 ooelis
319 1156 416 1227 Sedes,
435 1154 662 1229 Dominationes,
678 1154 871 1232 Prinoipatus‚
891 1156 1063 1228 Potestates,

167 1250 353 1328 Archangeli,
378 1250 496 1327 Angeli,
522 1251 547 1311 si
572 1252 646 1310 bene
669 1249 840 1324 vixerimus,
862 1250 941 1311 nives
962 1251 1064 1312 nostri.

166 1345 250 1407 Fecit
272 1345 305 1406 in
328 1345 400 1409 ooelo
421 1344 697 1420 visibilia‚-solem,
720 1344 828 1418 lunam,
852 1345 959 1406 stellas.
1000 1345 1067 1407 Suis

166 1441 340 1515 animalibus
352 1441 539 1502 terrestribus
558 1441 673 1501 ornavit
688 1444 805 1511 terram,
819 1440 952 1518 implevit
970 1460 1067 1505 aerem

166 1537 342 1612 volatilibus,
362 1541 470 1598 terram
489 1537 703 1598 ambulantibus
724 1541 754 1599 et
774 1537 963 1615 serpentibus,
986 1557 1066 1599 mare

165 1633 352 1695 natantibus:
388 1633 485 1693 omnia
510 1632 646 1713 implevit
677 1632 737 1693 suis
763 1632 904 1693 creaturis
929 1633 1064 1710 propriis.

165 1728 248 1789 Fecit
266 1732 296 1789 et
316 1729 463 1789 hominem
476 1729 512 1789 ad
532 1728 687 1805 imaginem
700 1732 730 1789 et
752 1727 971 1789 similitudinem
984 1747 1066 1793 suam

164 1824 197 1884 in
210 1828 324 1899 mente;
344 1824 386 1884 ibi
401 1828 445 1884 est
458 1823 536 1884 enim
548 1824 643 1899 imago
657 1824 723 1884 Dei.
753 1825 824 1884 Ideo
837 1844 918 1884 mens
930 1823 994 1900 ipsa
1005 1843 1065 1885 non

164 1922 260 1998 potest
269 1918 473 1998 comprehendi
485 1939 566 1979 neea
579 1939 609 1978 se
622 1919 693 1998 ipsa,
706 1919 757 1980 ubi
767 1923 812 1980 est
823 1919 918 1996 imago
928 1919 992 1980 Dei.
1015 1920 1064 1980 Ad

163 2016 219 2074 boe
238 2015 309 2076 faeti
329 2036 436 2088 sumus,
451 2018 487 2076 ut
505 2015 646 2075 creaturis
666 2015 778 2076 oaeteris
791 2014 990 2075 dominemur:
1012 2015 1062 2076 sed

164 2131 217 2189 per
229 2115 380 2189 peecatum
392 2112 425 2172 in
434 2111 527 2190 primo
540 2111 656 2171 homine
668 2111 743 2188 lapsi
757 2131 864 2181 sumus,
876 2115 906 2171 et
918 2111 949 2170 in
962 2110 1064 2175 mortis

163 2207 365 2270 hereditatem
385 2227 483 2268 omnes
495 2207 673 2268 devenimus.
714 2205 798 2267 Faoti
818 2227 918 2267 sumus
937 2207 1064 2269 humiles

164 2304 308 2377 mortales,
328 2304 443 2382 impleti
461 2324 561 2363 sumus
581 2303 740 2378 timoribus,
756 2303 907 2377 erroribus,
927 2303 1061 2370 11ο11111·Ι

162 2401 220 2462 rito
240 2399 360 2478 peceati,
382 2420 449 2460 oum
469 2420 527 2478 quo
546 2400 650 2463 merito
670 2402 701 2460 et
719 2403 803 2459 reatu
822 2399 951 2460 nascitur
970 2399 1063 2459 omnis

162 2499 257 2574 homo
286 2499 358 2559 Ideo
371 2497 447 2558 sieut
460 2497 576 2558 vidistis
588 2497 683 2569 hodie,
699 2495 776 2557 siout
788 2496 889 2578 nostis,
904 2498 935 2556 et
946 2494 1065 2572 parvuli

163 2598 354 2656 exsufflantur
366 2601 397 2656 et
417 2595 629 2668 exordinantur,
644 2597 679 2655 ut
697 2595 825 2672 pellatur
838 2594 874 2652 ab
894 2592 937 2652 eis
954 2591 1065 2656 diaboli

162 2699 288 2771 potestas
308 2692 434 2765 inimiea,
457 2712 523 2770 quae
544 2692 658 2769 derepit
680 2691 827 2752 hominem
847 2694 883 2752 ut
907 2689 1064 2767 possideret

161 2788 302 2857 homines.
343 2788 411 2848 Non
431 2808 499 2864 ergo
521 2791 652 2848 ereatura
671 2787 727 2846 Dei
746 2787 779 2847 in
798 2785 960 2849 infantibus
978 2803 1062 2844 exor-

163 2885 275 2949 eizatur
293 2888 346 2944 ant
365 2885 555 2951 exsufflatur:
581 2884 632 2944 sed
651 2884 702 2943 ille
723 2886 777 2944 sub
797 2904 855 2963 quo
875 2885 944 2944 sunt
963 2901 1062 2945 omnes

163 2981 215 3061 qui
227 3001 295 3041 eum
314 2984 431 3059 peeeato
451 2985 628 3052 naseuntur;
650 2984 694 3041 est
714 2980 792 3039 enim
810 2979 944 3058 prinoeps
963 2997 1063 3056 peena-

162 3085 268 3138 torum.
310 3078 354 3136 Aa
374 3095 427 3153 per
445 3075 500 3134 boe
524 3080 641 3153 propter
660 3097 752 3135 unum
773 3076 824 3155 qui
846 3075 946 3151 lapsus
969 3077 1013 3134 est
1034 3078 1065 3134 st

162 3191 261 3232 omncs
279 3164 360 3232 misit
379 3171 411 3230 in
432 3175 563 3243 mortem,
577 3171 682 3231 missus
701 3175 746 3231 est
762 3171 846 3231 Unus
865 3170 927 3229 sine
946 3174 1063 3247 peeoato

163 3266 214 3345 qui
233 3287 332 3327 omnes
350 3267 383 3326 in
398 3286 428 3326 se
448 3266 596 3328 credentes
615 3250 755 3344 perducat
775 3265 924 3336 advitam,
937 3264 1063 3325 liberans

160 3381 210 3446 ees
222 3366 380 3453 opereato.
447 3445 450 3451 Ι
