2356 3780
140 228 195 285 las
414 240 520 284 nrrm
537 241 761 284 conminus

135 408 198 485 ipse
212 408 369 484 Apostolus
389 408 469 480 dicit,
484 409 565 467 Inter
583 428 612 466 ac
630 408 745 467 invicem
765 407 976 484 capitatiomius
995 427 1041 466 ac·

137 504 295 563 mactatae
317 508 368 562 aut
390 504 474 591 ctiam
494 504 755 580 defendentium
775 504 820 561 dia
838 523 890 580 quo
900 503 1044 580 judicabit

136 601 214 658 Deus
240 598 344 658 occulta
366 599 515 657 dominam.
556 598 615 657 Sed
636 599 673 658 de
698 598 756 658 ista
778 597 930 657 sufficiant
972 598 1043 658 Post

136 695 200 754 hoec
212 694 332 770 ponitur
343 694 375 752 in
390 693 488 753 ordine
500 693 578 767 fidei,

180 796 227 850 35.
249 792 291 848 Er
307 810 343 850 nr
358 790 479 848 Samso
494 790 614 850 Sanora.
654 790 708 863 Ea,
724 809 790 867 qnae
803 790 836 848 in
849 789 1044 867 superioribus

137 887 225 964 paulo
239 886 329 946 latius
342 885 377 943 de
392 885 507 944 Christo
527 890 596 944 sunt
607 885 724 959 tradita,
740 886 778 944 ad
796 885 1001 944 incarnationis
1014 889 1045 945 et

137 982 276 1060 passionis
296 982 360 1059 ejus
378 981 551 1057 mysterium
563 981 721 1057 pertinent.
761 980 844 1055 Quae,
860 982 930 1039 dum
948 981 1044 1039 media

137 1078 321 1138 intercedunt
346 1094 474 1152 personae
501 1076 593 1152 ipsius
620 1079 761 1152 coaptata,
790 1076 891 1136 Sancti
918 1076 1044 1152 Spiritus

138 1172 434 1233 commemorationem
446 1171 534 1246 paulo
547 1171 662 1246 longius
675 1171 872 1231 reddiderunt.
901 1171 1044 1231 ceterum

138 1270 163 1329 si
189 1269 278 1328 solius
301 1267 474 1326 Divinitatis
496 1267 570 1327 ratio
593 1268 744 1341 habeatur,
772 1288 805 1327 eo
828 1269 912 1327 modo
934 1287 991 1344 quo
1013 1267 1046 1325 in

136 1365 278 1442 principio
302 1363 417 1436 dicitur,
434 1362 555 1422 “Credo
574 1363 606 1420 in
626 1363 688 1422 Deo
709 1363 796 1423 Patre
817 1362 1044 1440 omnipotente,''

138 1466 169 1521 et
180 1469 246 1538 post
258 1461 331 1533 haec,
347 1464 366 1493 “
375 1459 415 1516 In
424 1461 444 1520 J
445 1480 496 1518 esu
510 1459 634 1533 Christo,
647 1460 724 1519 Filio
738 1459 802 1536 ejus
814 1459 909 1533 unico,
922 1459 1046 1518 Domino

137 1560 265 1634 nostro,''
278 1561 320 1619 ita
330 1559 476 1636 jungitur,
491 1560 561 1618 “Et
573 1559 605 1616 in
619 1559 732 1636 Spiritu
745 1557 882 1619 Sancto.’'
908 1559 968 1617 Illa
977 1578 1046 1617 vero

138 1657 234 1715 omnia
254 1674 319 1732 quae
341 1656 376 1714 de
397 1655 512 1713 Christo
530 1659 728 1714 memorantur
747 1655 784 1713 ad
804 1654 1046 1731 dispensationem

139 1752 241 1825 carnis,
255 1754 290 1810 ut
306 1750 444 1822 diximus,
461 1754 600 1826 spectant.
643 1750 741 1826 Igitur
758 1751 791 1810 in
806 1750 905 1809 Sancti
920 1749 1047 1827 Spiritus

139 1845 342 1905 memoratione
367 1845 542 1921 adimpletur
560 1847 732 1923 mysterium
755 1845 918 1905 Trinitatis.
964 1845 1048 1904 Siout

140 1943 218 2001 enim
241 1961 318 1999 unus
341 1939 450 1999 dioitm
472 1941 567 2013 Pater,
595 1945 625 2000 et
648 1942 723 2001 elius
745 1945 871 2000 nonest
894 1943 990 2014 Pater,
1017 1948 1047 2000 et

139 2059 216 2097 unus
236 2037 344 2097 dicitur
355 2036 525 2110 unigenitus
544 2037 648 2111 Filius,
664 2044 694 2097 et
714 2037 789 2096 elius
807 2037 977 2112 unigenitus
996 2037 1048 2096 Fi·

142 2133 201 2192 lius
220 2153 279 2192 non
299 2135 351 2205 est,
365 2132 407 2191 ita
427 2135 457 2191 et
471 2131 597 2208 Spiritus
618 2134 740 2192 Sanctus
758 2152 835 2190 unus
854 2136 907 2205 est,
924 2136 954 2192 et
973 2132 1049 2190 alius

141 2251 200 2289 non
225 2232 323 2307 potest
349 2248 409 2286 esse
432 2227 559 2304 Spiritus
583 2228 714 2287 Sanctus.
755 2229 798 2287 Ut
820 2247 888 2303 ergo
910 2227 963 2288 fiat
989 2229 1047 2287 dis.

140 2326 244 2386 tinctio
269 2343 465 2402 personarum,
494 2321 654 2381 affectionis
680 2322 821 2381 voeabula
848 2326 1046 2397 secernuntur,

141 2421 248 2497 quibus
268 2421 335 2479 Ille
347 2422 435 2478 Pater
454 2418 646 2492 intelligetur,
669 2438 707 2477 ex
727 2438 785 2494 quo
805 2417 909 2488 omnia,
931 2422 961 2477 et
979 2416 1050 2494 quia

141 2517 210 2593 Ipse
229 2536 288 2575 non
307 2516 414 2573 habeat
432 2518 564 2590 patrem;
585 2515 646 2572 Iste
659 2513 763 2587 Filius,
779 2517 919 2590 tanquam
939 2513 991 2590 qui
1011 2533 1049 2571 ex

141 2612 227 2670 Patre
246 2615 333 2669 natus
353 2609 406 2680 sit;
429 2614 459 2669 et
476 2609 535 2668 Hic
557 2609 684 2685 Spiritus
705 2609 836 2682 Sanctus,
853 2613 993 2684 tanquam
1013 2608 1049 2667 de

144 2712 269 2786 utroque
289 2708 465 2784 procedens²
485 2712 516 2767 et
535 2711 638 2766 cuncta
658 2707 850 2767 sanctificans.
890 2707 933 2766 Ut
951 2710 1049 2765 autem

145 2824 206 2863 una
228 2804 385 2880 eademque
408 2802 441 2861 in
464 2803 607 2863 Trinitate
630 2802 778 2862 Divinitas
802 2803 947 2876 doceatur,
974 2802 1050 2862 sicut

172 2957 184 2983 ⁸
195 2949 286 3009 Bishop
297 2949 348 2996 Feil
359 2949 407 2996 and
419 2949 502 2995 others
511 2948 570 2994 read
581 2950 721 3007 “tanquam
732 2947 762 2994 de
772 2948 818 2994 Dei
828 2962 869 2994 ore
885 2949 1016 3007 procedens
1026 2948 1048 3007 ;”

142 3041 158 3073 a
172 3025 273 3085 reading
283 3025 360 3071 which
371 3025 392 3071 is
407 3024 537 3070 confirmed
551 3023 585 3082 hy
595 3024 730 3070 Venantius
741 3022 896 3080 Fortunatus,
908 3023 968 3082 who,
981 3023 1049 3083 here,

143 3115 171 3148 as
192 3101 320 3147 elsewhere
337 3102 363 3147 in
380 3100 419 3146 his
434 3099 604 3160 Commentary
620 3115 652 3146 on
672 3100 716 3146 the
732 3099 853 3158 Apostles'
869 3098 954 3155 Creed,
971 3099 1051 3146 incor-

143 3179 241 3237 poratos
259 3175 379 3222 Rufinus's
395 3176 473 3222 words
490 3175 550 3221 with
567 3175 605 3222 his
620 3190 687 3224 own:
714 3175 776 3222 “Ut
794 3176 838 3222 fiat
856 3176 980 3222 distinctio
995 3176 1052 3222 Per·

144 3263 267 3308 sonarum,
286 3249 401 3296 vocabula
416 3254 585 3296 secernuntur:
603 3250 684 3310 Pater,
696 3264 726 3296 ex
741 3265 789 3309 quo
804 3250 892 3308 omnia,
905 3254 931 3296 et
946 3250 987 3308 qui
1002 3264 1052 3299 non

141 3326 217 3373 hahet
231 3330 346 3384 patrem
363 3325 438 3372 Filius
454 3340 484 3372 ex
494 3326 567 3373 Patre
582 3326 697 3388 genitus,
715 3326 820 3387 Spiritus
836 3325 940 3374 Sanctus
955 3325 986 3372 de
1000 3325 1049 3374 Dei

132 3413 180 3447 ore
185 3400 329 3462 procedens
339 3405 366 3450 et
375 3404 464 3450 cuncta
474 3402 649 3452 auctificatis?
