2356 3780
142 235 197 291 148
412 250 515 292 uosnu
534 249 757 291 consumme

140 423 210 484 tium
233 425 369 496 Cluilius,
392 429 486 486 deiude
509 429 541 487 lii
562 429 613 505 qui
634 432 699 487 suut
727 427 836 486 Christi
856 426 888 483 iu
914 424 1034 485 ammte

138 517 206 594 ojus,
222 519 316 578 deiude
321 522 402 598 fluis.
444 522 484 581 Et
495 521 527 580 in
540 521 727 599 sequentibus
739 520 821 579 addit
833 523 863 578 et
875 520 947 591 hoec,
962 519 1035 577 Eme

140 617 304 691 mysterium
324 618 397 677 colis
419 620 497 677 ilico:
528 619 627 679 Omms
649 618 757 695 quidem
777 636 953 694 resumemus,
979 635 1034 675 uem

138 731 227 771 omncs
247 719 336 772 uulcm
356 715 583 781 immutabimm;
604 714 664 773 sive
676 719 712 773 ut
730 713 762 772 in
782 713 847 772 aliis
860 712 1033 788 exemplari·

138 810 193 868 bus
214 808 387 883 invenimus,
416 811 512 870 Omnes
535 812 643 889 quidem
669 811 840 884 durmicmue,
865 829 919 868 mou
945 828 1036 869 omme

138 909 229 962 ouium
242 905 467 965 immutabimur:
488 907 520 965 iu
532 910 673 977 mommio,
688 907 719 964 iu
732 907 790 964 ictu
803 905 884 978 oculi,
900 905 932 964 iu
945 905 1035 962 mouis-

138 1001 209 1060 simc
230 1001 316 1060 iulo:
337 1003 502 1061 canetenim
521 1003 594 1077 tubo,
617 1007 643 1061 ol
658 1003 764 1062 mortui
779 1006 922 1078 resuuqml
942 1001 1033 1059 immr-

137 1097 227 1170 rumli,
243 1101 269 1154 ct
281 1117 329 1156 uos
342 1097 562 1157 immutabimur.
604 1097 661 1156 sed
674 1097 754 1156 etad
767 1095 1034 1155 Thessalonicenses

136 1190 325 1251 nihilominus
349 1193 483 1264 scribens,
509 1193 590 1262 dicit,
613 1192 686 1252 Νοῑο
709 1198 800 1252 aulem
820 1212 866 1251 uos
892 1193 1030 1269 i'quorure,

129 1286 248 1362 fraires,
272 1290 303 1347 dc
326 1288 530 1362 dormientibus,
552 1294 586 1348 ut
606 1308 659 1347 mou
682 1287 889 1359 cmmielcmiui,
913 1286 985 1345 siout
1001 1291 1036 1351 'cl

138 1385 230 1442 emicui
254 1385 305 1461 qui
328 1404 401 1459 spem
427 1405 481 1444 mou
507 1385 613 1444 lulmi.
653 1374 730 1443 Num
755 1385 783 1442 si
807 1382 939 1442 credimus
962 1383 1037 1459 quud

137 1479 217 1538 Jmus
242 1486 365 1540 mortuus
390 1486 439 1553 cel,
464 1486 491 1540 el
516 1482 676 1556 resurrexit,
702 1482 745 1540 itu
766 1485 794 1540 cl
815 1481 890 1538 Deus
916 1498 958 1537 cos
984 1480 1037 1556 qui

137 1577 308 1637 dormierunt
329 1599 382 1657 pm
409 1580 503 1638 Jcsum
529 1580 642 1638 adducet
668 1599 728 1638 cum
754 1577 823 1636 Illo.
871 1577 934 1634 Hoc
961 1577 1035 1635 cuim

137 1674 210 1732 colis
231 1676 347 1735 dicimus
369 1677 401 1735 iu
426 1678 502 1737 cerlo
524 1676 651 1749 Domiui,
674 1677 741 1753 quiu
763 1695 811 1733 mus
831 1674 881 1750 qui
905 1673 1034 1744 uiuimus,

138 1770 190 1846 qui
208 1770 312 1848 reliqui
329 1792 420 1831 sumus
441 1773 473 1832 iu
490 1774 606 1831 emmiu
622 1772 746 1845 Domini,
769 1790 823 1829 mou
837 1770 1036 1847 prmcmicmus

138 1883 179 1923 sos
192 1867 243 1943 qui
259 1868 436 1927 dormierunt.
482 1868 557 1936 Quiu
575 1870 640 1943 Ιρεε
652 1867 787 1926 Dumium
807 1866 983 1941 injussum
1002 1864 1036 1922 iu

138 1980 199 2020 voce
210 1962 390 2039 Arcluuqeli,
406 1969 434 2022 cl
453 1965 518 2023 tuba
530 1965 593 2038 Dei,
609 1964 745 2023 descmdcl
764 1963 796 2021 cic
816 1961 876 2021 ooelo
885 1984 897 2028 ,·
917 1964 944 2018 cl
963 1979 1036 2019 mm·

138 2057 247 2134 miqui
265 2059 296 2117 iu
315 2060 423 2119 Oluislo
441 2066 506 2119 suut
524 2065 667 2138 resurqml
679 2059 793 2134 primi:
814 2057 908 2116 deiude
922 2075 970 2115 uos
984 2056 1038 2134 qui

138 2153 264 2227 uiuimus,
280 2155 330 2231 qui
347 2156 451 2234 reliqui
469 2176 569 2229 sumus,
584 2155 669 2214 simul
684 2174 743 2214 cum
763 2153 822 2212 illis
840 2153 983 2227 rapiemur
1003 2152 1036 2212 im

138 2247 254 2306 nulibus
266 2250 372 2310 cloiam
396 2250 504 2311 Oluisto
522 2252 553 2310 iu
573 2252 656 2310 usic:
676 2253 703 2308 ct
721 2249 764 2307 itu
782 2266 886 2322 scripu
899 2266 960 2309 cum
973 2244 1036 2306 Do·

139 2344 216 2402 mim
229 2347 339 2406 crimus.
644 2340 647 2345 ’

180 2446 227 2500 44.
249 2441 358 2501 Verum
383 2462 421 2502 ue
449 2442 596 2502 existimes
622 2442 685 2499 heec
712 2439 799 2499 Pauli
824 2437 921 2510 solius,
950 2437 1037 2513 qussi

140 2537 256 2595 novella
268 2538 479 2614 praedicatione,
496 2537 612 2613 signari,
628 2535 697 2595 audi
712 2536 800 2594 etiam
814 2534 885 2612 quid
898 2531 1037 2591 Ezechiel

140 2631 286 2707 Propheta
306 2633 376 2691 olim
394 2633 601 2710 perspiritum
623 2631 761 2690 sanctum
779 2630 954 2706 prelocutus
974 2626 1034 2687 sit:

139 2726 219 2796 Ecce,
243 2727 432 2806 inquit,qu
459 2729 584 2804 ameriam
607 2727 731 2807 scpulcra
751 2731 849 2798 ucslru,
872 2728 899 2782 ct
922 2724 1034 2784 educam

141 2841 186 2880 cos
206 2823 238 2882 dc
261 2825 393 2899 sepulcris
412 2826 519 2885 ocultis.
559 2825 614 2884 lob
635 2842 756 2900 quoque,
778 2819 909 2898 mysticis
927 2821 1036 2880 redun-

93 2938 95 2942 “
142 2916 214 2976 dans
227 2920 357 2998 eloquiis,
371 2921 440 2980 cudi
453 2941 540 2999 quam
552 2919 700 2979 evidenter
711 2915 948 2977 resurrectionem
960 2933 1036 2992 pree.-

142 3015 220 3075 ‹licet
241 3021 438 3076 mortuorum:
467 3019 531 3092 Est,
555 3016 661 3093 inquit,
687 3015 783 3074 mimi
804 3033 883 3089 spes:
913 3013 942 3071 si
964 3013 1038 3072 mim

143 3112 260 3172 ulscissu
268 3113 370 3188 fucrit,
386 3113 489 3172 iterum
504 3113 664 3187 pullulabit,
678 3116 705 3170 ct
721 3111 873 3188 uirqultum
890 3109 947 3185 ejus
963 3127 1036 3166 uun·

142 3229 226 3288 quom
240 3209 351 3284 desiciet.
397 3208 519 3276 Quodsi
536 3209 657 3267 senuerit
676 3209 707 3267 iu
728 3213 803 3268 imru
821 3207 906 3266 roim
925 3205 991 3281 mus,
1011 3209 1039 3264 cl

142 3307 175 3364 iu
188 3304 304 3379 puluere
325 3308 459 3363 emortuus
473 3304 567 3380 fucrit
590 3308 702 3363 mumius
724 3304 788 3380 mue,
810 3303 843 3361 ul
863 3302 941 3360 odom
959 3319 1039 3378 aqum

131 3399 285 3475 rasurum,
301 3396 432 3474 olfaciet
444 3397 578 3476 fruticem
597 3398 671 3458 sicut
689 3397 804 3459 ucucllu.
852 3396 904 3459 Vir
922 3414 996 3470 coro,
1012 3395 1041 3460 u·
