2356 3780
354 247 389 288 111
409 245 564 288 srunonru
583 245 793 287 memorosum.
965 229 1023 285 12³

123 424 184 485 tuis
202 425 401 500 resurrexisse,
420 425 523 485 merito
542 424 682 485 virtutem
700 424 758 484 Dei
778 424 932 484 eredebant
950 442 1022 495 asse,

124 541 190 599 quae
213 521 323 581 viserat
349 527 478 580 mortem.
519 520 616 580 Primo
643 540 710 596 ergo
735 521 789 579 hoe
815 519 921 598 ipsum,
946 520 1024 597 quod

123 619 228 693 Judaei,
245 619 351 696 quibus
370 618 522 694 Prophetae
542 617 605 676 hare
624 617 829 694 praedixerant,
849 637 909 675 non
928 619 1024 677 essent

126 713 272 785 credituri,
288 712 338 770 sed
356 711 403 770 illi
423 710 475 788 qui
492 730 643 788 nunquam
657 711 720 769 haee
740 708 923 787 aProphetis
942 709 1024 769 audi·

125 813 216 881 orant,
239 807 310 867 audi
332 806 473 885 quomodo
493 826 546 883 per
566 806 683 865 Esaiam
702 806 873 882 Prophetieo
896 823 1025 865 sermone

125 903 274 979 signatur:
309 903 413 973 Quibus
432 922 488 961 uon
510 906 560 975 ost,
583 901 689 979 inquit,
713 902 907 960 uuuuuoiotiua
930 902 962 959 do
985 921 1024 975 so,

124 999 261 1074 oidotuut,
276 1004 303 1058 et
315 999 366 1076 qui
377 1019 430 1057 nou
443 999 600 1071 audieruut,
615 997 777 1075 intolliqout.
820 997 904 1063 Quod
916 1000 1022 1071 autem,

124 1094 171 1153 his
192 1095 243 1172 qui
265 1095 479 1155 meditabantur
499 1097 594 1171 legem
614 1095 671 1154 Dei
693 1115 711 1154 a
732 1094 858 1172 pueritia
877 1087 970 1173 usque
993 1093 1026 1154 in

125 1194 304 1249 senectutem
335 1211 394 1250 non
425 1191 615 1265 credentibus,
644 1190 681 1249 ad
709 1193 809 1266 gentes
840 1193 914 1250 esset
942 1208 1026 1248 omne

125 1285 297 1362 mysterium
311 1287 551 1360 transferendum,
566 1286 644 1344 idem
657 1285 757 1345 Esaias
775 1285 831 1344 hoo
849 1286 933 1344 modo
952 1303 1025 1362 pras-

126 1380 216 1440 dieit:
237 1384 281 1441 Et
291 1383 392 1460 furiet,
407 1383 513 1462 inquit,
528 1384 666 1443 Dominus
678 1385 755 1443 Deus
774 1382 886 1442 sabaotb
903 1382 1027 1442 omuibus

123 1477 251 1554 uentibus
272 1479 304 1537 iu
324 1484 412 1538 moute
434 1480 509 1538 isto:
538 1478 629 1538 bibent
651 1477 787 1552 lotitiam,
812 1478 901 1538 hibent
920 1479 1024 1552 uiuum,

127 1577 264 1649 uuumtur
276 1579 411 1651 uuqirsuto
429 1576 462 1634 iu
474 1579 562 1633 moute
574 1575 638 1635 isto.
683 1574 771 1634 itudo
784 1573 839 1633 hoo
854 1575 946 1634 omnio
960 1593 1026 1650 qui·

128 1668 211 1727 titus.
251 1669 317 1728 Hoo
337 1668 414 1727 enim
434 1669 586 1728 conmlium
600 1667 811 1746 Omnipotentis
831 1688 917 1746 super
930 1687 1028 1728 omnes

127 1767 236 1838 gentes.
279 1765 336 1823 Sed
349 1765 448 1825 dicent
460 1766 579 1825 fortasse
599 1765 682 1825 nobis
695 1765 741 1824 illi
754 1765 807 1843 qui
824 1786 853 1825 se
870 1767 983 1844 jactant
994 1764 1027 1823 in

127 1859 246 1920 seientia
265 1860 347 1936 legis,
363 1861 584 1938 Blasphematis‚
601 1861 653 1939 qui
672 1861 768 1921 dicitis
788 1862 946 1921 Dominum
965 1881 1027 1920 eor-

126 1956 256 2032 ruptioni
281 1956 383 2016 mortis
409 1961 439 2015 et
465 1957 591 2033 passioni
618 1956 711 2016 erueis
737 1957 826 2017 fuisse
853 1959 1025 2035 subjeetum.

128 2049 229 2126 Legite
244 2072 311 2128 ergo
325 2053 403 2129 quod
423 2052 562 2129 seriptum
581 2052 696 2112 habetis
714 2051 746 2110 in
759 2052 1028 2112 Lamentationibus

127 2146 269 2220 Jeremiae,
298 2147 350 2205 ubi
377 2147 456 2222 dicit,
488 2148 618 2223 Spiritus
645 2148 737 2207 uultus
767 2149 866 2222 nostri,
900 2148 1028 2207 Christus

128 2241 272 2316 Dominus,
301 2244 502 2321 comprehensus
528 2248 569 2302 ost
599 2245 630 2302 in
657 2243 877 2318 comptionibus
903 2244 1028 2310 nostrin

128 2336 160 2394 iu
186 2357 237 2414 quo
261 2338 390 2411 di'oimua
415 2338 464 2396 sub
490 2339 586 2397 umbro
612 2339 667 2414 u'us
693 2339 811 2396 vivemus
836 2337 868 2396 iu
891 2336 1026 2414 uentibus.

128 2431 223 2491 Audis
253 2433 394 2510 quomodo
420 2433 566 2510 Propheta
596 2432 668 2492 dicit
694 2431 841 2492 Christum
871 2431 1028 2490 Dominum

129 2529 365 2605 comprehensum
386 2548 456 2602 esse,
475 2532 505 2588 et
524 2528 684 2606 pronubis,
706 2528 807 2602 idest,
831 2548 883 2605 pro
903 2528 1028 2605 peccatis

129 2624 233 2682 nostris
247 2623 422 2700 corruptioni
435 2624 585 2684 traditum.
618 2624 656 2682 In
670 2625 754 2702 eujus
766 2625 875 2698 umbra,
892 2623 1027 2702 quoniam

129 2719 254 2797 populus
266 2719 317 2778 ille
330 2720 496 2779 Judaeorum
515 2719 673 2797 permansit
691 2719 866 2794 incredulus,
882 2719 1029 2779 Gentilem

130 2815 294 2892 subjectum
313 2835 374 2874 asse
394 2815 474 2890 dicit,
491 2814 560 2893 quia
579 2814 706 2873 vivimus
724 2834 783 2874 non
802 2814 834 2873 in
854 2816 955 2889 Israel,
978 2814 1029 2874 sed

130 2910 160 2968 iu
175 2911 326 2970 Gentibus.

169 3009 217 3063 20.
240 3005 324 3070 Quod
344 3005 368 3064 si
388 3024 538 3082 operosum
557 3024 617 3063 non
631 3004 756 3079 videtur,
772 3025 859 3083 quam
878 3024 1029 3082 possumus

129 3100 264 3175 breviter,
281 3101 396 3176 singula
409 3120 474 3179 quae
491 3101 522 3160 in
535 3100 704 3176 Evangeliis
717 3102 890 3174 referuntur,
903 3101 1030 3178 qualiter

129 3195 160 3255 in
171 3197 323 3274 Prophetis
337 3196 475 3273 praedicta
488 3201 565 3271 sunt,
578 3195 769 3270 designemus,
781 3200 817 3255 ut
828 3195 862 3253 hi
872 3196 923 3273 qui
936 3195 1029 3272 prima

130 3291 200 3350 fidei
223 3292 365 3351 elementa
387 3291 550 3368 suscipiunt
575 3289 741 3351 testimonia
763 3291 826 3350 haro
848 3291 974 3350 habeant
996 3289 1029 3349 in

132 3389 215 3448 eorde
229 3388 380 3466 descripta,
395 3408 432 3449 ne
446 3388 508 3448 ulla
521 3388 563 3449 eis
575 3407 706 3467 uuquam
718 3388 754 3447 de
766 3386 813 3447 his
827 3406 893 3465 quae
906 3387 1031 3446 eredunt
