2356 3780
359 224 493 266 emon
509 224 585 264 APUD
604 222 800 263 mmm.

173 406 219 462 10.
240 406 435 480 Ὅμολογοῦμεν
449 403 476 460 ἓν
488 408 625 476 βάπτισμα
639 406 676 464 εἷς
689 405 787 478 ἀφεσιν
797 409 934 478 ἁμαρτιῶν·

173 504 218 559 ll.
241 506 432 576 Προσδοκῦμεν
444 504 588 558 ἀνάστασιν
601 507 703 575 νεκρῶν,

174 600 219 654 12.
241 601 290 655 Καὶ
303 600 368 670 ζωὴν
380 602 427 654 τοῦ
439 598 584 670 μελλοντος
596 599 695 657 αἰῶνος.

172 756 256 803 ΤΟΥΣ
277 748 306 803 δέ
323 749 455 820 λέγοντας,
463 743 518 801 Ἠν
534 748 597 802 ποτέ
616 746 660 802 ὅτε
679 749 726 802 οῦκ
745 744 784 816 ἦν,
802 750 843 804 καὶ
862 749 924 821 πρὶν
942 769 1031 820 γεννη·

134 854 207 924 θῆναι
220 855 266 908 οὐκ
279 851 318 922 ἦν,
333 851 348 922 ἢ
363 853 402 907 ὅτι
416 852 446 920 ἐξ
460 852 505 906 οὐκ
520 850 600 908 όντων
613 852 751 925 ε’γένετο,ἢ
770 854 800 925 ἐξ
813 855 902 927 ἑτέρας
917 854 1032 910 ὑποστά·

134 974 201 1008 σεως
219 950 234 1021 ἢ
248 952 348 1013 οὐσίας,
363 950 514 1020 φάσκοντας
534 944 597 1003 εἶναι
613 947 726 1023 ῥευστὸν
738 947 753 1018 ἢ
767 951 912 1006 ἀλλοιοντὸν
924 952 969 1006 τὸν
986 953 1032 1004 τοῦ

134 1052 201 1103 θεοῦ
221 1050 291 1109 Υἶὸν,
310 1046 416 1104 τοντοῦς
436 1047 612 1116 ἀναθεματίζει
630 1045 645 1114 ἡ
666 1045 790 1116 καθολικὴ
811 1049 852 1102 καὶ
872 1047 1032 1115 ἀποστολικη

134 1142 287 1213 Ἐκκλησία.

561 1311 608 1370 Π.

178 1433 201 1488 l.
225 1437 457 1512 ΠΙΣΤΕΥΟΜΕΝ
471 1436 508 1492 εἷς
521 1435 565 1491 ἕνα
578 1440 643 1493 Θεὸν
657 1435 762 1509 Πατέρα
775 1436 977 1507 παντακρόταρα.

224 1548 335 1613 πάντων,
349 1545 465 1615 ἀοράτων
477 1566 506 1598 τε
520 1545 560 1598 καὶ
574 1549 680 1617 ὁρατῶν,
694 1542 809 1614 ποιητήν·

180 1640 206 1696 2.
228 1644 278 1696 Καὶ
291 1641 327 1698 εἷς
341 1640 385 1695 ἕνα
398 1641 504 1715 Κόριον,
518 1641 622 1711 Ἰησοῦν
635 1646 758 1717 Χριστὸν,

227 1741 273 1795 τὸν
285 1739 348 1793 Υἷὸν
360 1742 407 1792 τοῦ
421 1744 497 1808 θεοῦ,

222 1835 373 1910 γεννηθέντα
386 1836 414 1890 ἔκ
428 1841 494 1892 Θεοῦ
508 1838 610 1911 Πατρός
622 1842 757 1911 μονογενῆ,

224 1933 359 1988 τουτέστιν
372 1934 400 1987 έκ
413 1936 458 2004 τῆς
471 1935 562 1993 οὐσίας
576 1940 622 1991 τοῦ
636 1936 747 2009 Πατρός,

225 2030 292 2083 Θεὸν
305 2031 333 2083 έκ
344 2033 420 2096 Θεοῦ,

224 2129 280 2182 Φῶς
294 2128 321 2182 ἐκ
335 2125 431 2193 Φωτὸς,

227 2224 294 2289 Θεὸν
306 2221 430 2292 ἀληθινὸν
444 2223 471 2278 ἐκ
485 2227 553 2279 Θεοῦ
565 2223 697 2292 ἀληθινοῦ,

225 2319 378 2391 γεννηθέντα
391 2321 421 2375 οὐ
433 2320 580 2389 ποιηθέντα,

226 2414 366 2485 ὁμοοῦσιον
378 2423 414 2492 τῷ
426 2418 519 2492 Πατρί·

227 2509 260 2568 δι’
275 2512 307 2567 οὗ
319 2515 351 2568 τά
363 2517 447 2570 παντά
461 2516 569 2586 ἐγένετο,
583 2516 615 2572 τά
629 2537 657 2570 τε
672 2515 699 2570 ε’ν
711 2516 765 2571 τοῖς
778 2512 895 2584 οὐρανοῖς

225 2611 266 2664 καὶ
278 2611 311 2664 τὰ
323 2610 351 2666 έν
363 2617 394 2682 τῇ
407 2615 450 2686 γῇ,
464 2613 543 2687 ὁρατά
556 2636 585 2668 τε
599 2613 640 2668 καὶ
654 2613 758 2684 ἀόρατα·

178 2707 205 2760 3·
227 2709 277 2761 Τὸν
303 2706 337 2760 δι’
358 2708 424 2779 ἡμᾶς
447 2710 506 2767 τοῦς
532 2709 680 2783 ἀνθρώπους
707 2708 748 2762 καὶ
775 2706 817 2762 διὰ
844 2703 890 2774 την
912 2701 1037 2774 ἡμετέραν

267 2807 399 2880 σωτηρίαν

228 2904 393 2975 κατελθόντα,

227 3002 269 3056 καὶ
283 3002 457 3072 σαρκωθέντα,

228 3097 348 3153 τουτέστι
360 3099 463 3153 τέλειον
475 3096 609 3170 ἄνθρωπον
621 3100 746 3164 λαβόντα,

228 3194 320 3267 ψυχὴν
333 3197 374 3250 καὶ
387 3199 462 3265 σῶμα
476 3195 517 3249 καὶ
534 3198 593 3250 νοῦν
611 3196 652 3250 καὶ
664 3196 757 3264 πάντα,
769 3190 794 3249 εἶ
810 3214 835 3248 τι
853 3193 926 3247 ἔστιν
939 3187 1037 3260 ἀνθρω-

267 3312 324 3354 πας,
338 3294 419 3364 χωρὶς
432 3290 565 3363 ἁμαρτίας,

232 3386 279 3442 οὐκ
292 3386 343 3443 ἀπὸ
358 3386 505 3460 σπέρματος
517 3387 622 3465 ἀνδρὸς,
