2356 3780
168 219 224 274 106
439 231 544 271 aomar
563 231 785 271 eonnmrfflos

163 391 264 468 tellige
277 391 339 450 sine
351 389 445 461 initio,
460 390 521 450 sine
534 391 602 464 fine,
614 391 782 467 simplicem,
799 390 860 450 sine
872 392 935 450 ulla
947 393 1059 452 admix-

164 487 250 561 tione,
273 486 458 561 invisibilem,
477 487 682 563 inoorpoream
701 486 886 561 ineffabilem,
903 487 1060 548 1100111110-

162 582 260 656 bilem,
275 580 308 642 in
321 602 379 661 qua
390 583 467 641 nihil
479 582 659 658 adjunctum,
673 581 750 640 nihil
761 587 890 642 oreatnm
902 582 949 644 eit.
991 585 1060 645 Sine

164 681 281 738 auotore
300 686 345 738 est
364 677 441 738 enim
455 678 522 747 1110,
536 677 588 755 qui
608 681 653 738 est
672 678 787 736 omnino
807 679 936 738 omnium
948 685 1059 741 auetor.

166 772 337 832 “Patrem''
353 792 419 831 oum
438 771 529 845 audis,
549 772 605 831 filii
623 773 755 848 intellige
773 778 894 850 patrem,
911 775 962 852 qui
981 776 1062 836 filius

164 866 336 943 supradiotae
364 866 403 927 sit
427 866 523 943 imago
546 868 726 928 substantiae.
769 869 854 930 Siout
875 871 953 928 enim
975 891 1060 931 nemo

163 962 271 1023 dieitur
283 963 426 1034 dominus,
440 963 498 1022 nisi
516 965 623 1023 habeat
636 964 685 1023 101
703 965 917 1042 possessionem,
933 967 982 1024 vel
1002 986 1061 1025 ser·

162 1078 242 1134 vum,
264 1059 313 1119 eui
333 1059 506 1126 dominetur,
527 1063 557 1120 01
581 1059 657 1119 siout
679 1080 763 1119 nemo
785 1061 923 1137 magister
942 1062 1058 1139 dieitur,

162 1155 221 1214 nisi
241 1156 416 1233 discipulum
434 1157 549 1230 habeat,
571 1156 614 1216 ita
632 1159 663 1216 et
684 1161 768 1232 pater
786 1157 868 1215 nullo
890 1161 975 1235 paeto
994 1158 1061 1234 quis

163 1250 222 1309 dioi
240 1256 336 1328 potest
348 1249 405 1310 nisi
424 1251 520 1310 filium
532 1252 650 1311 habens.
691 1252 755 1312 Hoo
769 1251 861 1328 igitur
872 1253 934 1330 ipso
945 1253 1062 1313 nomine

164 1366 221 1425 quo
240 1346 321 1405 Deus
336 1351 355 1380 “
364 1345 478 1407 Pater''
494 1347 666 1424 appellatur,
682 1366 748 1406 oum
761 1348 849 1408 Patre
868 1349 978 1426 pariter
993 1349 1060 1409 sub·

162 1442 263 1501 sistere
275 1442 363 1502 etiam
374 1443 469 1502 Filius
482 1443 703 1503 demonstratur.

203 1538 350 1604 Quomodo
374 1544 471 1598 autem
493 1539 573 1598 Deus
593 1540 681 1599 Pater
702 1539 837 1616 genuerit
855 1540 973 1614 Filium,
995 1540 1062 1599 nolo

163 1634 309 1710 discutias,
327 1655 381 1695 1100
400 1640 430 1695 10
450 1636 590 1695 curiosius
608 1637 722 1713 ingeras
741 1637 772 1696 in
791 1639 933 1715 profundo
954 1637 1060 1708 0100111,

162 1750 200 1791 ne
214 1733 298 1804 forte,
314 1732 385 1791 dum
397 1732 547 1792 inaeeessae
561 1732 636 1792 lueis
653 1733 797 1809 fulgorem
809 1730 987 1810 pertinacius
997 1753 1063 1810 per·

164 1827 308 1902 0011110110,
324 1827 465 1904 exiguum
478 1828 573 1904 ipsum
586 1828 637 1907 qui
650 1829 820 1889 mortalibus
832 1828 931 1888 divino
944 1847 1063 1888 munere

163 1941 313 1983 oonoessus
333 1930 377 1982 est
397 1924 500 1999 perdas
520 1928 676 2001 aspectum.
716 1926 781 1984 Aut
803 1923 829 1982 si
852 1928 938 2001 putas
955 1922 989 1982 in
1007 1923 1063 1981 hoo

163 2018 243 2077 omni
262 2019 455 2096 indagationis
475 2039 578 2096 genere
598 2019 749 2091 utendum,
768 2017 849 2097 prius
863 2019 918 2078 tibi
936 2037 1063 2095 propono

163 2132 229 2189 quae
248 2119 346 2174 nostra
366 2120 451 2174 sunt:
473 2134 538 2194 quae
560 2114 811 2192 sioonsequenter
830 2115 955 2174 valueris
974 2134 1062 2192 expe·

163 2208 235 2282 dire,
259 2214 329 2270 tuno
350 2230 367 2270 0
387 2211 572 2270 terrestribus
593 2211 630 2269 ad
651 2209 788 2285 ooeleslia,
811 2214 842 2270 et
862 2230 880 2269 a
898 2209 1062 2270 visibilibus

163 2306 201 2364 ad
220 2304 380 2366 invisibilia
396 2311 557 2384 properato.
598 2306 712 2384 Expedi
725 2307 826 2383 primo,
842 2306 867 2365 si
886 2311 977 2383 potes,
991 2326 1062 2384 quo·

162 2401 246 2460 modo
266 2421 356 2475 mens,
372 2421 437 2481 quae
457 2402 535 2462 intra
556 2407 585 2461 te
605 2407 658 2475 est,
678 2406 797 2478 generet
813 2402 942 2475 verbum,
960 2407 991 2460 et
1010 2400 1063 2479 qui

163 2496 255 2556 sitin
278 2516 313 2555 00
334 2496 479 2556 memoriae
503 2497 639 2574 spiritus:
670 2497 811 2575 quomodo
833 2497 905 2569 haeo,
930 2515 997 2554 oum
1017 2496 1062 2555 di-

162 2610 246 2652 10100
259 2592 320 2652 sint
338 2594 425 2652 rebus
445 2597 476 2653 et
495 2594 617 2668 aotibus,
632 2612 726 2652 unum
737 2597 835 2652 tamen
856 2592 915 2652 sint
926 2592 976 2650 101
995 2594 1062 2652 sub·

163 2688 271 2748 stantia
289 2688 338 2748 101
358 2694 483 2763 natura;
505 2694 535 2749 01
555 2709 621 2749 oum
641 2708 658 2749 e
681 2692 778 2748 mente
800 2689 965 2765 procedant,
986 2707 1062 2747 nun·

162 2804 250 2862 quam
264 2789 362 2844 tamen
381 2785 418 2843 ab
438 2784 501 2862 ipsa
520 2789 701 2862 separentur.
741 2784 782 2844 Et
801 2783 826 2843 si
845 2785 917 2858 haee,
930 2783 1063 2862 quamvis

161 2879 194 2939 in
207 2880 290 2940 nobis
302 2882 332 2940 et
345 2879 449 2939 01111110
470 2885 575 2939 nostrae
596 2879 758 2939 substantia
774 2879 946 2953 habeantur,
962 2883 1061 2938 tamen

161 2981 244 3036 tanto
257 2976 341 3036 nobis
361 2975 475 3037 oooulta
491 2976 639 3044 videntur,
653 2979 762 3052 quanto
780 2974 910 3052 aspectui
927 2993 1061 3052 corporeo

161 3071 328 3146 invisibilia,
344 3073 381 3132 de
395 3071 586 3148 apertioribus
598 3071 788 3148 requiramus.
829 3071 907 3130 Fons
919 3070 1061 3148 quomodo

162 3187 201 3227 ex
223 3185 254 3225 se
278 3173 396 3243 generat
418 3166 565 3227 fluvium?
606 3165 671 3232 Quo
694 3171 791 3226 autem
816 3165 929 3243 spiritu
942 3165 1062 3242 rapidus

161 3264 255 3358 fertur
273 3263 305 3323 in
318 3261 481 3324 fluentum?
523 3262 601 3329 Quid
620 3263 754 3340 estquod
773 3264 843 3322 dum
861 3282 955 3324 unum
967 3267 997 3322 et
1015 3261 1061 3319 in·

153 3359 320 3435 sqoarabile
338 3360 379 3420 sit
397 3358 506 3419 fluvius
526 3362 556 3420 et
575 3360 649 3431 fons,
668 3363 765 3420 tamen
785 3379 838 3420 1100
856 3359 964 3419 durius
983 3359 1057 3433 lons,
