2356 3780
139 218 196 275 los
454 238 476 274 s.
493 234 603 289 morus,
626 236 717 290 earm,

135 398 276 475 Apostoli,
314 398 352 458 si
380 399 453 456 enim
483 400 673 474 copnom'ssmt,
709 419 856 476 numquam
884 401 1035 460 Dominam

134 495 285 570 majutatis
316 495 523 572 erues'ficissent.
566 495 638 554 Cum
669 500 767 554 antem
799 495 861 572 ipse
887 495 1036 556 Dominus

132 594 229 649 noster
242 596 329 667 atque
350 590 482 649 Salvator
501 590 587 648 fidem
606 590 813 667 discipulorum
832 591 893 650 suis
911 592 1034 651 interro-

133 686 297 761 gationibus
319 686 455 757 emdiret,
482 687 567 755 Quem
589 706 638 759 mc,
663 685 769 762 inquit,
794 688 891 746 diescat
913 688 1036 747 hominos

132 803 186 840 osse
205 782 305 860 fllium
331 783 478 841 hominos?
527 782 659 858 (tumque
684 781 730 839 illi
756 782 884 841 diversas
909 783 1035 844 aliorum

132 877 280 953 opiniones
302 877 505 949 retexuissent,
537 877 587 935 Vos
610 882 711 949 auum,
738 877 788 950 ait,
814 897 894 954 quem
914 900 957 937 nes
980 900 1036 939 csso

132 974 251 1032 dicitas?
290 974 339 1031 Me
359 972 470 1048 utique,
493 971 545 1048 qui
565 992 629 1029 sum
648 972 727 1030 filius
746 972 879 1045 hominis,
895 978 926 1032 et
945 995 1035 1050 quem

131 1068 163 1127 in
175 1069 267 1126 forma
286 1068 363 1127 servi
383 1072 470 1143 atque
490 1066 521 1124 in
535 1066 657 1125 veritate
677 1066 771 1124 carnis
790 1066 927 1142 aspicitis,
943 1087 1033 1144 quem

133 1183 179 1223 me
200 1184 261 1222 esse
281 1161 397 1222 dicitis?
431 1163 491 1221 Ubi
511 1162 545 1220 B.
561 1162 673 1234 Petrus
699 1162 841 1222 divinitus
863 1163 1032 1240 inspiratus,

131 1264 162 1318 et
177 1260 352 1318 confessione
366 1278 418 1316 sua
435 1258 568 1316 omnibus
586 1257 721 1332 gentibus
739 1259 916 1334 profuturus,
934 1260 979 1317 Tu
993 1282 1032 1334 cs,

130 1354 236 1431 inquit,
257 1354 384 1413 Christus
397 1353 491 1411 Filius
504 1353 561 1411 Dei
578 1353 644 1411 cici.
686 1353 748 1412 Nec
765 1352 909 1412 immerito
928 1355 1036 1414 beatus

130 1455 175 1510 est
186 1451 391 1526 pronuntiatus
410 1469 428 1507 a
441 1449 573 1521 Domino,
589 1455 619 1508 et
635 1469 653 1507 a
671 1449 825 1524 principali
837 1453 920 1524 petra
933 1450 1035 1508 solidi-

130 1550 221 1606 tatem
241 1551 272 1605 et
290 1545 409 1605 virtutis
428 1544 521 1604 traxit
540 1550 571 1603 et
589 1532 722 1616 nominis,
738 1545 790 1620 qni
808 1564 860 1620 per
879 1545 1033 1604 revelatio·

131 1662 198 1701 nem
221 1641 316 1701 Patris
339 1642 481 1699 Eumdem
500 1645 531 1700 et
553 1639 612 1699 Dei
631 1640 741 1699 Filium
764 1644 809 1699 cst
831 1640 979 1699 confessus
1002 1647 1036 1703 et

131 1738 298 1797 Christum:
324 1736 394 1812 quia
412 1756 505 1795 unum
524 1737 627 1794 horum
647 1736 709 1794 sine
728 1734 786 1793 alio
804 1739 953 1811 receptum
972 1757 1033 1797 non

129 1833 264 1908 proderat
284 1832 321 1889 ad
342 1831 483 1890 salutem:
515 1835 545 1890 et
566 1831 686 1907 aqualis
706 1834 769 1890 erat
789 1829 911 1907 periculi
931 1831 1035 1892 Domi-

129 1948 201 1987 num
212 1928 307 1987 Jrsnu
326 1925 478 1986 Onmsrnu
498 1931 550 1984 aut
568 1927 663 1985 Deum
680 1925 879 1984 tantummodo
899 1925 961 1985 sine
979 1927 1034 1987 ho-

130 2023 217 2094 mine,
240 2026 292 2080 ant
311 2021 373 2080 sine
394 2025 457 2081 Deo
478 2021 572 2079 solum
590 2020 736 2079 hominem
756 2020 918 2079 credidisse.
960 2022 1035 2084 Post

128 2117 374 2186 resurrectionem,
392 2137 461 2176 vero
478 2116 596 2175 Domini
610 2117 689 2193 (qnae
703 2116 806 2193 ntique
824 2115 886 2174 veri
905 2119 1036 2194 corporis

129 2214 197 2288 fuit,
219 2213 365 2291 quianon
385 2213 459 2272 alter
479 2218 523 2271 est
545 2212 732 2271 resuscitatus
753 2231 841 2288 quam
860 2211 913 2287 qni
932 2212 1035 2275 fuerat

128 2310 285 2370 curcifixns
299 2315 328 2368 et
347 2309 502 2385 mortuns)
518 2308 588 2385 quid
608 2308 689 2366 aliud
707 2307 898 2385 quadraginta
915 2308 1033 2370 dierum

129 2427 209 2466 mora
229 2410 342 2482 gestum
363 2410 416 2479 est,
438 2425 526 2482 quam
547 2409 582 2463 nt
602 2404 671 2463 fidei
694 2408 798 2463 nostrae
821 2404 974 2478 integritas
997 2411 1037 2468 ab

129 2503 207 2561 omni
220 2501 343 2577 caligine
360 2500 570 2560 mundaretur?
611 2500 785 2576 Colloquens
800 2499 960 2558 enimcum
973 2502 1035 2561 dis-

129 2598 234 2675 cipulis
255 2598 324 2672 suis,
353 2602 384 2656 et
404 2596 571 2656 cohabitans
594 2601 682 2672 atque
702 2615 881 2667 convescens,
910 2599 941 2654 et
966 2616 1035 2673 per-

127 2693 246 2755 tractari
265 2713 296 2752 se
319 2691 455 2768 diligenti
474 2691 643 2768 curiosoque
666 2693 801 2749 contactu
824 2692 860 2749 ab
884 2690 934 2763 eis,
958 2711 1037 2767 quos

128 2791 262 2852 dubietas
282 2788 501 2867 perstringebat,
527 2787 691 2859 admittens,
714 2785 778 2844 ideo
805 2791 835 2845 et
862 2786 968 2845 clausis
995 2791 1037 2849 ad

129 2885 285 2961 discipulos
301 2868 698 2962 januis''ii1tioibat,etflatu
718 2901 770 2939 suo
787 2881 875 2940 dabat
888 2881 1036 2957 Spiritum

129 2986 270 3055 sanctum
299 2983 330 3040 et
355 2980 460 3039 donato
489 2978 694 3054 intelligentia
720 2976 840 3049 lumine,
869 2982 1036 3039 sanctarum

130 3078 345 3155 Scriptursmm
359 3075 473 3135 occulta
485 3075 645 3153 pandebat;
666 3079 697 3133 et
714 3093 814 3131 narsus
827 3072 911 3131 Idem
923 3073 1038 3137 vulnus

129 3175 237 3248 lateris,
260 3174 371 3232 fixuras
386 3170 549 3243 clavorum,
571 3175 602 3231 et
625 3169 720 3229 omnia
742 3167 944 3228 recentissimas
965 3188 1036 3246 pes-

129 3269 217 3329 sionis
237 3269 320 3344 signa
339 3269 525 3341 monstrabat,
545 3266 652 3339 dicens,
682 3265 775 3325 Videte
793 3283 892 3323 monus
910 3284 988 3324 moos
1008 3274 1038 3327 st

103 3370 206 3444 pedes
233 3369 306 3450 qum
329 3389 375 3448 epo
400 3386 469 3429 oum.
511 3365 628 3442 Papae
650 3370 677 3424 ct
699 3365 795 3438 vides,
821 3363 887 3442 quio
909 3363 1037 3440 spiritus
