2356 3780
95 203 131 266 14
296 258 299 267 .
320 225 451 266 emon
468 225 544 266 mm
562 226 759 268 mmm.

181 408 241 463 οῦδέ
255 408 282 463 ἐν
294 407 429 482 ἀνθρώπῳ,

184 500 245 558 ἀλλ’
270 504 307 561 είς
334 506 424 559 ἑαυτὸν
447 505 531 577 σάρκα
554 504 739 562 ἀναπλασάντα
766 507 802 564 είς
828 507 890 578 μίαν
913 507 991 579 όγίαν

223 600 337 669 ἑνότητα,

183 695 213 749 οῦ
235 695 348 768 καθάπερ
373 696 400 750 ἐν
425 694 572 769 προφήταις
596 695 732 752 ἐνέπνευσε
755 719 784 753 τε
810 700 851 754 καὶ
875 698 992 768 ἐλάλησε

181 797 182 800 ’
221 796 263 849 καὶ
277 794 426 868 ἐνήργησεν,

182 888 253 945 ἀλλά
266 891 371 947 τελείως
385 888 623 964 ἐνανθρεοπησάντα,

183 989 261 1062 ὁγὰρ
276 991 359 1060 Λόγος
373 989 442 1061 σάρξ
456 989 567 1062 ἐγένετο,

185 1075 465 1159 οῦτροπήνῦποστᾶς,

184 1181 244 1237 οῦδὲ
257 1184 413 1253 μεταβαλὸν
425 1183 472 1254 τήν
484 1184 576 1240 ἑαυτοῦ
590 1186 704 1254 θεότητα
718 1184 754 1240 είς
767 1182 959 1257 ἀνθρονπότητα,

185 1279 221 1337 είς
242 1282 302 1350 μίαν
324 1282 506 1335 σννενοσάντα
526 1282 617 1336 ἐαυτοῦ
639 1282 714 1356 ἁγίαν
735 1284 885 1352 τελειότητα
905 1305 933 1338 τε
955 1283 996 1336 καὶ

226 1378 351 1447 Θεότητα,
531 1370 533 1375 ’

186 1469 223 1529 είς
235 1474 285 1547 γάρ
300 1474 373 1529 ἐστὶν
387 1470 480 1545 Κῦριος
494 1471 596 1543 Ἰησοῦς
610 1475 723 1548 Χριστὸς
737 1477 778 1531 καὶ
791 1476 822 1530 οῦ
836 1473 892 1541 δύο,

187 1573 202 1624 ό
217 1571 293 1628 αῦτδς
307 1571 382 1637 Θεὸς,
398 1570 502 1626 όαῦτὸς
516 1570 618 1644 Κῦριος,
632 1575 646 1626 ό
660 1573 736 1630 αῦτδς
749 1570 885 1639 βασιλεῦς·

137 1667 163 1721 4.
184 1667 306 1722 Ποθόντα
319 1668 348 1722 δέ
361 1667 406 1721 τὸν
419 1667 498 1721 αῦτδν
509 1668 536 1723 ἐν
550 1669 635 1741 σάρκι,

141 1766 167 1820 5.
190 1765 240 1819 Καὶ
252 1765 408 1833 ἀναστάντα,

143 1862 168 1915 6.
190 1863 240 1916 Καὶ
254 1862 395 1916 ἀνελθόντα
408 1860 445 1916 εἷς
458 1859 518 1917 τοῦς
531 1860 654 1934 οὐρανοὺς
667 1861 695 1917 ἐν
707 1862 776 1938 αῦτῷ
789 1866 826 1938 τῷ
840 1863 950 1931 σάματι,

191 1958 300 2026 ἐνδόξως
314 1959 455 2014 καθισόντα
468 1958 495 2013 ἐν
508 1959 579 2030 δεξίᾳ
592 1963 638 2014 τοῦ
652 1963 764 2032 Πατρός·

143 2052 170 2112 7.
191 2056 350 2129 Ἐρχόμενον
364 2057 391 2112 ἐν
403 2056 471 2130 αὐτῷ
484 2056 521 2132 τῷ
533 2056 634 2127 σιὀματι
648 2057 675 2112 ἐν
688 2057 752 2127 δόξῃ
785 2107 786 2112 ,

192 2158 274 2228 κρῖναι
288 2155 381 2223 ζῶντας
394 2153 435 2207 καὶ
449 2150 559 2226 νεκροός·

191 2251 222 2307 οὗ
236 2254 281 2321 τῆς
293 2251 430 2317 βασιλείας
444 2250 490 2304 οῦκ
503 2251 578 2306 ἔσται
591 2243 676 2306 τέλος·

143 2349 170 2404 8.
192 2349 241 2403 Καὶ
254 2347 290 2403 εἷς
303 2350 332 2402 τὸ
340 2344 433 2418 Ἀγιον
446 2350 551 2418 Πνεῦμα
563 2344 727 2416 πιστεύομεν,

191 2449 222 2501 τῦ
235 2447 356 2514 λαλῆσαν
369 2446 396 2499 ἐν
410 2447 487 2519 νόμιρ,

193 2544 235 2598 καὶ
249 2542 360 2615 κηρυξῦν
375 2543 403 2596 ἐν
414 2544 468 2597 τοῖς
480 2537 636 2612 προφήταις,

197 2643 238 2698 καὶ
252 2643 367 2709 καταβὰν
380 2640 422 2697 ἐπὶ
435 2641 480 2695 τδν
493 2636 633 2713 Ἰορδάνην,

191 2741 291 2795 λαλοῦν
305 2741 332 2796 ἐν
344 2740 514 2806 ἀποστόλοις,

193 2837 280 2892 οίκοῦν
294 2837 321 2892 ἐν
334 2837 425 2910 ἁγίοις·

178 2930 276 3000 Ιοὕτως
290 2935 318 2988 δέ
331 2930 488 3002 πιστεῦομεν
500 2930 528 2987 ἐν
541 2930 624 3006 Αὐτῷ,

193 3029 234 3102 ὅτι
247 3032 305 3086 ἐστί
318 3033 424 3101 Πνεῦμα
437 3029 519 3102 ἅγιον,

195 3132 301 3198 Πνεῦμα
315 3129 391 3195 θεοῦ,

192 3229 298 3293 Πνεῦμα
311 3223 435 3287 τέλειον,

192 3325 298 3392 Πνεῦμα
310 3319 484 3393 παράκλητον,

190 3418 324 3486 ι’ίκτιστον,
