2356 3780
148 224 188 284 94
463 241 485 282 s.
501 240 739 284 snn.rnonsrnr1
792 233 795 239 ’

147 421 187 480 ait
199 439 294 478 nomen
306 418 426 478 Domini
437 418 609 478 imedietum.
636 416 765 478 Abstulit
777 437 842 496 quae
856 417 945 493 dedit,
960 438 1045 478 num-

148 514 320 593 quidperiit
333 515 384 592 qui
397 512 497 574 dedit?
531 514 663 574 Abstulit
680 533 746 592 qum
763 514 852 575 dedit.
895 515 1046 592 Tanquam

148 611 265 681 diceret,
290 608 452 669 “Abstulit
473 608 577 682 omnia,
601 610 714 670 auferat
738 607 842 682 omnia,
865 611 977 669 nudum
1000 611 1045 670 di-

148 705 247 765 mittat
259 724 314 778 me,
331 711 360 766 et
381 710 475 764 servet
493 705 567 764 mihi
581 706 627 765 Se.
669 705 746 772 Quid
760 705 838 765 enim
856 706 930 766 mihi
943 707 1045 783 deerit,

148 802 173 861 si
186 800 281 861 Deum
293 799 441 861 habuero?
463 808 514 860 aut
527 800 598 878 quid
610 800 683 860 mihi
701 801 758 861 alia
773 809 900 881 prosunt,
913 803 938 862 si
950 804 1047 863 Deum

147 917 206 958 non
218 898 344 957 habuero
353 896 387 957 ?'’
425 898 580 956 Accessum
593 903 638 958 est
652 898 688 957 ad
701 918 824 970 earnem,
837 916 989 976 percussus
1002 904 1046 959 est

147 995 268 1053 vulnere
283 1014 301 1052 a
320 993 413 1071 eapite
433 1012 524 1070 usque
545 994 582 1051 ad
600 995 695 1070 pedes,
711 995 789 1054 sanie
809 994 966 1070 diffluebat,
978 1013 1043 1054 ver-

146 1089 243 1150 mibus
263 1093 409 1151 scatebat:
431 1094 511 1150 etse
531 1088 563 1147 in
575 1091 637 1149 Deo
658 1109 709 1149 suo
728 1089 906 1149 immobilem
925 1090 1044 1150 demon-

148 1187 258 1247 strabat
277 1190 364 1264 atque
384 1185 500 1262 figebat.
541 1184 645 1245 Voluit
663 1185 709 1245 illi
731 1185 845 1259 mulier,
867 1185 975 1245 diaboli
995 1185 1045 1245 ad·

143 1282 248 1362 jntvix,
260 1301 318 1341 non
328 1281 425 1340 mariti
439 1280 622 1352 consolatrix,
632 1281 804 1358 persuadere
815 1279 1042 1358 blasphemiam:

151 1379 297 1452 Quamdiu,
312 1377 418 1455 inquit,
435 1379 490 1436 iata
510 1383 537 1437 et
556 1378 612 1436 isto
625 1377 761 1453 poteris?
780 1378 840 1437 Die
853 1376 966 1455 aliquod
984 1399 1044 1438 oar-

148 1474 209 1535 iom
233 1470 264 1534 in
286 1475 447 1546 Dominum,
472 1478 499 1533 ei
524 1493 633 1532 morare.
675 1474 753 1548 Ergo
773 1473 844 1550 qnia
868 1473 1043 1534 humiliatus

116 1547 218 1642 ‘erat
233 1569 406 1628 exaltandus
419 1575 490 1629 erat.
532 1571 572 1630 Et
584 1569 655 1628 ieoit
667 1569 721 1628 hoo
734 1567 884 1642 Dominus,
899 1572 935 1628 ut
948 1573 1043 1630 osten·

147 1665 229 1725 deret
247 1664 429 1725 hominibus:
451 1686 519 1725 nam
532 1666 601 1744 Ipse
621 1683 702 1724 servo
722 1684 773 1723 suo
792 1663 825 1723 in
845 1664 916 1724 ooelo
935 1665 1045 1743 majora

146 1760 282 1821 servavit.
323 1761 400 1837 Ergo
419 1761 607 1822 humiliatum
620 1762 639 1822 J
640 1763 675 1821 ob
695 1761 844 1834 exaltavit,
860 1760 969 1820 elatum
983 1761 1044 1819 dia*

145 1858 244 1918 bolum
257 1856 440 1917 humiliavit:
464 1858 534 1936 quia
547 1858 618 1918 iuno
636 1856 775 1934 humiliot,
791 1862 818 1916 st
838 1857 909 1917 iuno
928 1856 1043 1917 inuitat.

146 1952 192 2012 Ne
205 1953 272 2030 quis
285 1956 391 2027 autem,
407 1954 511 2014 fratres
529 1953 698 2027 charissimi,
716 1953 831 2029 quando
844 1952 956 2032 aliquas
968 1954 1044 2032 ejus·

146 2049 225 2108 modi
244 2048 357 2126 patitur
380 2048 590 2120 tribulationes,
616 2037 665 2108 hio
691 2051 839 2126 exspectet
865 2048 1043 2108 mercedemz

144 2145 228 2204 verbi
254 2144 357 2220 gratia,
385 2145 410 2204 si
434 2146 539 2204 damna
565 2127 663 2222 ilique
688 2144 826 2222 patiatur,
852 2163 898 2215 ne,
912 2144 986 2222 forte
1012 2163 1046 2203 eo

146 2241 240 2300 animo
267 2242 353 2316 dieat,
377 2243 514 2302 Dominm
541 2242 624 2315 dedit,
649 2241 787 2300 Dominus
808 2239 944 2306 obstulit:
972 2241 1045 2300 siout

144 2337 263 2397 Domino
275 2336 396 2413 placuit,
412 2338 455 2397 ito
463 2339 573 2414 foetum
592 2342 652 2396 ssi:
673 2337 712 2395 aii
727 2357 821 2395 nomon
834 2336 955 2396 Domini
971 2335 1047 2394 haee.

144 2433 256 2507 dietum,
278 2441 312 2492 ut
335 2433 457 2510 duplum
480 2433 612 2510 accipiat.
653 2429 800 2490 Patientia
818 2431 914 2489 Deum
934 2429 1044 2514 laudet,

144 2547 202 2588 non
210 2527 342 2590 avaritia.
371 2529 402 2588 si
412 2547 518 2606 eaquae
528 2526 687 2605 perdidisti,
697 2525 1055 2606 dupla-quaerisreoipsre,

144 2626 175 2682 et
187 2622 252 2681 ideo
265 2623 357 2683 Deum
370 2624 479 2697 landas,
493 2625 528 2704 de
538 2622 696 2703 eupiditate
709 2621 818 2694 landas,
830 2640 889 2679 non
901 2620 937 2680 de
951 2620 1045 2679 ohari.

144 2721 214 2777 tate.
255 2719 323 2778 Non
341 2718 396 2779 tibi
413 2725 544 2787 oeourrat
565 2719 657 2796 ipsius
674 2718 767 2778 saneti
781 2716 838 2776 viri
858 2716 1042 2794 exemplum3

143 2815 222 2874 fallis
234 2819 273 2875 te.
303 2816 424 2883 Quando
434 2817 453 2877 J
454 2819 489 2877 ob
504 2817 600 2876 omnia
613 2816 763 2889 tolerabat,
777 2815 866 2900 dupla
879 2835 937 2874 non
950 2815 1051 2891 sperass,

144 2913 204 2972 bat.
246 2913 287 2973 Et
306 2914 338 2972 in
351 2915 444 2994 prima
457 2917 520 2994 ejus
538 2914 715 2973 confessione
735 2913 850 2990 quando
864 2900 968 2971 damna
979 2905 1044 2990 per.¹

143 3008 215 3083 tulit
229 3014 259 3068 et
277 3009 353 3068 filios
373 3011 489 3088 extulit,
505 3014 536 3070 et
554 3009 586 3086 in
607 3009 731 3069 secunda
744 3028 810 3067 oum
826 3008 888 3086 jam
902 3013 1045 3095 tormenta

142 3104 296 3164 vulnerum
310 3109 460 3183 pateretur
478 3107 511 3166 in
524 3125 617 3181 tarne,
630 3109 727 3183 potest
747 3105 859 3165 adverti
879 3105 956 3182 quod
970 3105 1044 3166 dieo.

143 3197 251 3257 Prioris
264 3201 327 3277 ejus
340 3202 525 3262 confessionis
537 3203 599 3261 hmo
611 3202 699 3260 verba
712 3205 788 3274 sunt,
805 3200 943 3260 Dominus
957 3201 1041 3275 dedit,

141 3293 278 3354 Dominus
292 3296 426 3364 obstulit:
446 3299 518 3357 aiom
531 3297 652 3356 Domino
666 3295 786 3373 placuit,
804 3298 846 3355 iio
856 3297 967 3374 foetum
984 3282 1044 3355 ast?

130 3388 600 3454 ainammmmmomimum.
628 3392 747 3453 Poterat
756 3391 859 3468 dioere,
876 3392 1044 3452 “Dominus
