2356 3780
165 201 220 263 178
477 223 499 263 s.
515 223 626 277 aroma,
645 222 736 279 rara,

158 399 379 460 Fecunditatom
391 399 469 459 enim
476 400 593 476 Virgini
606 402 734 479 Spiritus
747 406 863 464 sanctus
875 404 1086 493 (ιιιιιι,ῃιι-,1

158 498 204 553 tas
227 498 325 554 autom
347 495 472 572 eorporis
498 501 593 556 sumta
616 498 652 557 de
679 517 796 575 corpore
818 503 881 570 est3
911 504 942 561 et
966 501 1062 562 acdifi-

158 593 241 648 oante
255 589 309 649 sibi
323 590 462 668 sapientia
474 593 601 668 domum,
624 594 738 654 Verbum
758 615 820 656 ooro
833 596 946 672 socium
964 604 1015 673 ιιι,
1031 605 1061 659 σι

158 685 346 747 laboriosiora
361 688 446 763 nolis,
461 689 515 748 ιιοο
528 689 605 759 est,
596 710 628 749 ιιι
644 710 679 749 ea
691 709 776 750 carne
777 692 1060 771 ,quamassumpsit

159 800 197 840 cx
212 783 336 857 homine,
353 788 383 844 et
397 805 484 863 quam
497 785 602 863 spiritu
614 787 684 847 vitae
697 786 847 847 rationalis
859 788 1010 850 animavit

197 1068 262 1125 cir.
281 1068 455 1126 Ille-Fida
465 1081 489 1126 ot
500 1071 644 1126 concilium
655 1072 710 1127 Dei
719 1073 791 1128 circo
802 1074 1020 1134 incarnationem

474 1159 551 1215 Veros
561 1171 742 1231 ειροιιιιιι.

196 1289 290 1348 Sarra
314 1287 405 1365 igitur
418 1289 599 1381 proprietate
623 1290 777 1367 utriusque
799 1293 912 1351 naturae
935 1296 968 1353 et
987 1294 1058 1356 sub·

155 1386 278 1455 stantia,
302 1385 387 1445 etin
410 1382 497 1444 uriam
493 1374 644 1444 coeunte
667 1404 827 1462 personam,
852 1392 989 1464 suscepta
1011 1395 1060 1452 est

154 1501 172 1540 a
190 1482 340 1559 majestate
359 1482 520 1555 humilitas,
536 1501 553 1540 ι
573 1481 683 1541 virtute
703 1481 866 1555 infirmitas,
880 1484 917 1543 ab
937 1488 1058 1548 aetorni·

154 1581 214 1637 tate
233 1577 408 1637 mortalitas:
430 1582 461 1636 et
480 1577 516 1636 ad
535 1577 737 1636 resolvendum
756 1578 928 1638 conditionis
948 1587 1059 1645 nostrie

153 1672 292 1745 debitum,
319 1677 425 1732 notura
454 1671 630 1732 inviolabilis
662 1676 775 1733 naturae
808 1677 852 1733 est
876 1675 963 1735 unita
988 1695 1058 1754 pas·

152 1767 249 1826 sibili:
278 1771 321 1840 ut,
337 1768 414 1845 qnod
433 1768 539 1826 nostris
557 1767 693 1826 remediis
711 1771 895 1843 congruebat,
911 1790 991 1831 unua
1012 1778 1058 1837 at·

152 1881 209 1937 que
242 1861 319 1920 idem
351 1862 491 1921 mediator
517 1863 573 1921 Dei
606 1867 637 1923 et
668 1863 826 1938 hominum,
855 1865 941 1933 homo
968 1868 1059 1931 Jnsus

152 1958 305 2030 (imerus,
331 1961 360 2016 et
383 1957 457 2016 mori
479 1961 575 2035 posset
602 1978 641 2018 ex
663 1978 731 2032 uno,
755 1963 785 2019 et
811 1959 886 2019 mori
905 1980 967 2022 non
989 1984 1058 2041 pos-

151 2057 195 2113 set
224 2075 261 2113 ex
291 2054 390 2113 altero.
432 2054 471 2112 In
499 2055 613 2130 integra
642 2074 709 2129 ergo
735 2054 798 2114 veri
828 2055 956 2117 hominis
987 2078 1058 2135 per·

149 2153 282 2230 lectaque
304 2155 409 2212 natura
429 2170 517 2210 verus
539 2154 626 2211 natus
649 2155 694 2211 est
713 2152 803 2225 Deus,
826 2156 906 2212 totus
926 2152 960 2213 in
981 2157 1055 2234 suis,

149 2252 229 2308 totus
248 2248 280 2307 in
292 2249 406 2308 nostris.
447 2248 554 2306 Nostra
573 2251 671 2305 autem
684 2246 814 2321 dicimus,
830 2265 896 2324 quae
916 2248 950 2307 in
969 2254 1058 2314 nobis

150 2345 187 2402 ab
206 2343 289 2403 initio
305 2343 425 2404 Creator
445 2340 582 2415 condidit,
598 2344 629 2400 οι
648 2358 714 2417 quae
734 2341 893 2417 reparanda
912 2346 1055 2421 suscepit

149 2438 226 2498 Nam
246 2439 297 2497 illa
299 2458 389 2515 ,quae
407 2439 542 2512 deceptor
561 2435 673 2504 intulit,
687 2438 718 2495 et
736 2436 821 2493 homo
840 2435 982 2535 deceptus
1002 2440 1056 2500 ad-

72 2544 77 2571 ·'
149 2535 237 2607 misit,
251 2535 368 2593 nullum
386 2532 579 2593 habuemmt'
570 2551 602 2589 m
620 2531 767 2591 Salvatore
780 2508 946 2605 vestigium.
989 2534 1057 2598 Neo

148 2624 220 2706 daia
245 2630 474 2689 communionem
499 2629 692 2687 humanamm
718 2626 809 2687 subiit
833 2626 1054 2708 infirmitatum,

149 2725 214 2783 ideo
232 2730 395 2785 nostrorum
417 2725 476 2784 fuit
498 2724 642 2799 particeps
661 2722 839 2782 delictorum.
880 2722 1056 2804 Assumpsit

148 2822 269 2880 formam
283 2821 358 2880 servi
371 2823 432 2880 sine
446 2821 528 2879 sorde
541 2817 659 2895 peccati,
674 2819 803 2877 humana
816 2838 932 2894 augens,
949 2822 1055 2887 divina

148 2936 207 2975 non
228 2917 378 2976 minuens.
400 2915 470 2992 quia
492 2913 652 2974 exinanitio
675 2912 735 2987 illa,
759 2932 817 2991 qua
839 2932 870 2972 se
878 2913 1056 3013 ιιιιιιιιιιιιιι

148 3012 292 3072 visibilem
311 3012 444 3089 praebuit,
461 3015 491 3071 οι
509 3010 626 3070 Creator
645 3028 678 3068 ao
693 3008 835 3068 Dominus
853 2986 995 3073 omnium
1007 3004 1055 3077 re-

24 3102 29 3139 ³
148 3107 409 3167 rumunusvoluit
423 3126 483 3165 esse
502 3104 678 3177 mortalium,
694 3103 844 3163 inclinatio
858 3104 918 3165 fuit
931 3108 1055 3173 misera.

10 3180 19 3207 κ
148 3203 245 3277 tionis,
261 3223 320 3263 non
333 3203 456 3263 defectio
475 3200 635 3278 potestatis.
677 3200 765 3259 Ριοιιι
784 3219 866 3278 equi
885 3220 1009 3265 manens
1022 3207 1056 3269 in

147 3299 240 3358 forma
258 3297 315 3357 Dei
333 3297 404 3357 fecit
422 3297 576 3366 hominem,
597 3294 676 3354 idem
694 3294 727 3353 in
746 3295 837 3354 forma
856 3297 934 3357 servi
953 3299 1055 3364 factas

44 3310 191 3544 ν
220 3392 316 3454 ιιοιιιο.
370 3392 461 3455 Tenet
489 3391 566 3451 enim
597 3389 658 3450 sine
692 3391 807 3451 defectu
838 3392 1052 3471 proprietatem
