2356 3780
382 241 474 283 saeuo
494 241 533 281 ao
552 241 785 283 carmauuaros.
994 227 1032 284 93

177 409 223 465 10.
246 406 395 483 Scriptura
409 407 487 481 dicit,
504 408 676 466 Patientiam
689 407 741 465 Jcb
764 406 890 480 audatia,
906 412 933 465 et
944 409 1032 484 flerem

135 501 253 560 Domini
273 503 395 562 uidistis.
437 505 491 562 Job
516 508 625 580 quanta
643 501 798 578 pertulerit
821 521 887 560 cum
912 503 1030 577 legitur,

136 596 315 671 exhorretur,
333 599 544 675 expavescitur,
558 596 796 657 contremiscitur.
839 599 879 657 Et
897 598 969 676 quid
988 619 1033 657 re-

137 691 234 768 cepit?
260 694 358 770 Dupla
371 713 458 769 quam
471 694 643 771 perdiderat.
678 694 755 768 Ergo
769 712 805 751 ne
818 693 903 751 homo
917 699 1035 770 propter

136 788 256 863 praemia
279 789 448 863 temporalia
470 789 544 848 velit
569 789 675 849 habere
697 788 877 865 patientiam,
902 792 932 846 ct
956 788 1034 849 dicat

137 882 201 954 sibi,
215 882 346 943 Tolerem
360 884 505 956 damnum,
521 885 622 944 reddet
640 884 713 941 mihi
727 885 806 942 Deus
818 883 893 941 filios
911 883 1031 961 duplos:

135 977 191 1054 Job
205 979 301 1038 omnia
314 979 409 1056 dupla
427 981 544 1057 recepit,
561 984 592 1038 et
609 983 654 1038 tot
672 979 748 1037 filios
767 979 877 1054 genuit,
892 990 963 1056 quot
983 999 1033 1040 ex·

136 1061 254 1134 tederet.
294 1075 362 1132 Non
383 1094 449 1150 ergo
471 1075 560 1152 dupla
582 1072 672 1133 sunt?
707 1075 827 1133 Prorsus
847 1074 936 1150 dupla
955 1078 1034 1144 sunt,

137 1168 206 1244 quia
226 1174 256 1227 et
275 1169 321 1231 illi
334 1171 478 1231 vivebant.
520 1171 565 1229 Nc
585 1170 651 1246 quis
671 1171 756 1237 dicat,
775 1171 879 1228 Feram
898 1170 981 1242 mala,
1004 1174 1034 1232 et

137 1264 238 1325 reddet
250 1265 323 1323 mihi
336 1267 415 1325 Deus
429 1268 667 1344 quemadmodum
687 1266 813 1325 reddidit
824 1267 843 1324 J
844 1267 898 1325 ob:
920 1275 955 1324 ut
971 1265 1034 1342 jam

138 1381 196 1423 non
210 1362 248 1420 sit
261 1363 409 1439 patientia,
427 1365 476 1422 sed
489 1364 617 1423 avaritia.
660 1365 736 1426 Nam
757 1364 781 1422 si
800 1364 970 1441 patientiam
983 1363 1034 1422 ille

138 1465 254 1520 sanctus
273 1480 331 1520 non
344 1462 471 1532 haberet,
485 1483 537 1522 nec
557 1483 591 1521 ea
610 1483 675 1540 quae
696 1463 900 1538 contingebant
919 1462 1034 1522 fortiter

137 1559 301 1629 sustineret,
316 1557 514 1616 testimonium
527 1558 604 1634 quod
616 1559 644 1616 ei
656 1559 798 1634 Dominus
811 1558 945 1632 reddidit,
957 1559 1035 1617 unde

136 1651 275 1711 haberet?
297 1653 540 1725 Animadverterat,
553 1655 595 1712 ait
606 1652 756 1727 Dominus,
770 1657 807 1713 ad
812 1675 933 1729 puerum
947 1675 1034 1714 mecm

135 1749 215 1807 Job?
240 1749 307 1810 aaa
320 1750 393 1808 caim
405 1754 445 1807 cat
463 1749 512 1808 iili
527 1750 629 1808 cimilia
641 1752 785 1829 quicquam
805 1752 836 1809 ia
850 1753 943 1825 terrie,
958 1752 1034 1810 homo

135 1845 194 1903 aiae
213 1846 426 1922 querelarum
445 1844 502 1903 Dei
520 1846 618 1905 cultor.
659 1846 760 1921 Quale,
774 1849 888 1921 fratres,
904 1848 1034 1907 testimo-

136 1942 218 2000 nium
231 1943 279 2001 hic
293 1948 409 2002 sanctus
422 1941 467 2000 vir
481 1962 498 2001 a
511 1943 634 2001 Domino
648 1944 773 2003 meruit!
804 1945 844 2004 Et
856 1949 954 2004 tamen
968 1965 1034 2004 eum

138 2058 191 2097 sua
203 2040 386 2115 persuasione
406 2039 482 2098 mala
501 2039 606 2098 mulier
618 2040 748 2117 decipere
761 2042 864 2115 voluit,
878 2042 986 2104 habeus
1004 2047 1034 2101 et

137 2133 201 2192 hoec
217 2135 339 2209 figuram
358 2135 438 2197 illius
458 2136 606 2211 serpentis,
623 2135 682 2212 qui,
700 2137 775 2195 sicut
793 2137 968 2214 inparadiao
986 2138 1035 2195 de·

137 2227 215 2305 cepit
233 2229 379 2289 hominem
398 2230 524 2306 primum
537 2232 646 2290 factum
666 2252 683 2293 a
702 2233 773 2306 Deo,
789 2233 831 2292 ita
850 2233 938 2291 etiam
956 2253 1035 2292 nunc

137 2323 345 2400 blasphemiam
366 2327 543 2400 suggerendo
569 2327 686 2403 putavit
711 2348 793 2404 posse
820 2328 950 2404 decipere
973 2330 1035 2406 pla-

137 2424 250 2479 centem
275 2421 422 2482 hominem
448 2421 518 2481 Deo.
563 2423 679 2488 Quanta
704 2443 804 2500 passus
832 2428 884 2497 est,
913 2424 1034 2486 iratres!

138 2515 210 2581 Quis
236 2521 331 2592 potest
359 2520 440 2575 tanta
465 2518 528 2593 pati
553 2519 585 2576 iu
612 2538 643 2576 re
670 2539 734 2585 sua,
754 2519 786 2577 in
812 2520 895 2578 domo
922 2540 982 2590 sua,
1004 2520 1037 2579 in

136 2610 206 2670 filiis
224 2612 292 2684 suia,
314 2612 347 2671 in
368 2632 451 2672 carne
473 2633 532 2686 sua,
555 2613 587 2671 in
610 2614 673 2690 ipsa
694 2633 759 2696 quae
779 2620 955 2675 remanserat
973 2623 1035 2674 ten·

138 2707 240 2765 tatrice
253 2727 344 2770 uxore
364 2706 439 2784 sua?
474 2709 530 2767 Sed
550 2710 637 2768 ctiam
657 2710 749 2786 ipsam
763 2730 828 2786 quae
848 2716 1032 2786 remanserat,

137 2801 208 2870 ‚olim
221 2802 356 2875 auferret,
372 2803 429 2862 nisi
450 2803 621 2881 adjutricem
635 2806 691 2864 sibi
710 2816 870 2864 servasset:
893 2806 962 2882 quia
974 2807 1034 2883 pri·

137 2914 217 2953 mum
239 2897 385 2960 hominem
407 2919 459 2976 per
482 2901 574 2962 uvam
598 2900 799 2973 debellaverat,
822 2902 914 2960 Eram
938 2922 1033 2976 serva·

137 2997 228 3052 rorat.
271 2992 387 3058 Quanta
407 3015 473 3071 ergo
493 3015 594 3072 passus
614 2996 675 3056 est!
710 2997 840 3061 Perdidit
860 2997 956 3057 omnia
969 3017 1034 3074 quae

136 3085 269 3160 habebat,
285 3088 386 3148 domus
405 3090 496 3168 ipsius
515 3091 782 3166 cecidit—utinam
800 3093 875 3152 sola!
896 3095 1036 3170 oppressit

137 3186 167 3241 et
192 3183 276 3242 filios.
318 3186 359 3244 Et
382 3187 451 3267 quia
476 3186 508 3246 in
533 3187 585 3247 illo
611 3188 753 3264 patientia
777 3209 914 3264 maguum
938 3191 1035 3252 locum

135 3281 276 3353 tenuerat,
293 3283 365 3357 quid
384 3284 562 3359 responderit
581 3284 641 3357 ille,
657 3285 772 3346 audite:
794 3287 935 3350 Dominae
947 3287 1032 3362 dedii,

135 3375 274 3457 Dominae
288 3378 425 3461 obseura
446 3381 518 3440 sicui
531 3382 654 3442 Domino
661 3382 782 3462 placuit,
796 3386 839 3446 ita
850 3385 1034 3462 factumest:
