2356 3780
366 234 405 274 nn
425 234 494 274 rann
513 235 549 274 rr
569 234 698 276 arraona
718 236 815 277 rmnn.
1004 217 1042 278 ta

142 411 220 470 idem
239 411 278 471 sit
290 412 379 471 Pater
391 412 442 490 qui
463 417 493 472 et
505 411 599 471 Filius
612 417 642 471 et
656 412 782 490 Spiritus
797 414 928 487 Sanetus,
945 414 995 472 sed
1006 418 1043 473 ut

142 510 229 568 Pater
242 509 280 568 sit
293 511 388 583 Pater,
404 514 434 569 et
447 510 541 568 Filius
561 511 599 570 sit
611 511 714 584 Filius,
730 515 760 570 et
780 511 906 587 Spiritus
920 511 1043 569 Sanctus

142 604 181 663 sit
200 604 326 680 Spiritus
346 605 477 678 Sanetus,
493 609 523 665 et
540 606 604 664 haeo
624 606 750 664 Trinitas
768 626 844 664 unus
864 607 952 680 Deus,
969 605 1044 665 siout

142 700 353 777 scriptumest,
378 701 470 773 Aodi,
496 701 595 774 Israel,
620 703 757 761 Dominus
777 703 854 761 Deus
881 707 945 760 tuus
967 702 1044 760 Deus

141 816 213 855 unua
230 800 278 855 ost.
320 796 428 854 Tamen
448 795 473 854 si
491 795 701 871 interrogemur
720 797 756 855 de
777 795 906 871 singulis,
923 800 953 855 et
966 796 1043 855 dios-

140 895 191 951 tur
208 891 300 964 nobis,
321 891 401 950 Deus
420 895 465 950 est
483 891 594 950 Pater?
615 891 858 968 respondebimus,
880 893 969 951 Deus.
1011 892 1044 950 ai

141 991 288 1064 quaeratur
309 992 409 1045 utrum
431 988 512 1045 Deus
535 986 573 1047 sit
595 987 698 1059 Filius,
721 989 776 1045 hoo
798 986 1041 1063 respondebimus.

47 1095 54 1107 ‘
139 1083 168 1141 N
169 1103 210 1156 eo,
227 1082 353 1142 siluerit
365 1083 401 1141 de
422 1083 534 1159 Spiritu
548 1082 652 1142 Sancto
665 1083 733 1142 talis
752 1083 945 1157 interrogatio,
962 1082 1043 1140 aliud

140 1178 217 1235 Eum
230 1197 290 1235 esse
303 1177 440 1235 debemus
452 1177 622 1252 respondere
636 1197 723 1254 quam
736 1178 841 1250 Deum,
856 1178 1043 1236 vehementer

140 1277 273 1331 caventes
296 1272 336 1330 sie
362 1272 498 1348 accipere,
522 1273 662 1348 quomodo
685 1274 720 1332 de
743 1273 909 1331 hominibus
931 1273 1042 1331 dietum

140 1371 192 1440 est,
217 1368 274 1426 Dii
298 1369 372 1426 estis.
413 1368 480 1426 Non
503 1368 579 1425 enim
606 1371 674 1428 sunt
699 1369 871 1427 natinaliter
893 1368 953 1440 Dii,
977 1368 1041 1445 qui·

140 1481 262 1538 eumque
281 1465 349 1520 sunt
368 1461 438 1520 faeti
461 1465 548 1539 atque
569 1461 676 1520 conditi
698 1482 736 1521 ex
755 1464 842 1522 Patre
861 1483 913 1539 per
932 1463 1042 1522 Filium

139 1557 213 1615 dono
234 1556 359 1632 Spiritus
379 1556 486 1616 Sanoti.
528 1557 598 1633 Ipsa
617 1558 694 1616 enirn
713 1558 892 1633 significatur
904 1558 1039 1632 Trinitas,

139 1672 205 1710 oum
228 1652 385 1729 Apostolus
407 1652 487 1724 dioit,
515 1654 651 1721 Quoniam
670 1674 703 1712 es
721 1655 796 1729 Ipm
818 1659 844 1712 at
867 1655 899 1712 in
917 1655 992 1729 Losa,
1015 1660 1042 1714 ot

132 1769 188 1823 per
210 1750 307 1823 pam
328 1754 394 1808 sunt
416 1750 532 1808 monia?
572 1750 744 1827 Quanquam
767 1771 834 1826 ergo
859 1752 895 1810 de
919 1751 1041 1826 singulis

137 1843 307 1919 interrogati
325 1845 546 1921 respondeamus
565 1846 661 1904 Deum
681 1867 740 1905 esse
760 1847 796 1905 de
816 1867 873 1924 quo
889 1848 1038 1924 quaritur,

138 1939 199 1999 sive
219 1941 344 2014 Patrem,
361 1941 421 2000 sive
442 1941 560 2015 Filium,
577 1941 638 2001 sive
659 1942 800 2018 Spiritum
821 1943 967 2016 Sanctum,
983 1963 1041 2002 non

137 2043 234 2098 tamen
246 2043 306 2098 tres
319 2040 396 2097 Deos
409 2039 521 2098 anobis
535 2039 590 2098 ooli
603 2039 756 2117 quisquam
769 2041 987 2101 existimaverit.

180 2135 226 2194 17.
247 2135 309 2193 Nee
332 2135 439 2192 mirum
462 2134 539 2211 quod
561 2135 625 2193 haeo
648 2136 684 2193 de
706 2135 848 2195 ineffabili
869 2141 975 2196 natura
997 2136 1040 2194 di·

138 2234 252 2302 duntur,
274 2249 341 2288 oum
361 2230 394 2287 in
414 2229 451 2286 iis
474 2229 561 2288 etiam
584 2231 670 2287 rebus
691 2249 763 2306 quas
786 2231 926 2306 corporeis
950 2231 1041 2290 oeulis

137 2325 280 2384 oemimus
306 2329 337 2384 et
362 2343 495 2399 corporeo
522 2343 606 2382 sensu
629 2323 821 2399 dijudicamus
846 2325 903 2384 tale
930 2325 1041 2401 aliquid

136 2422 257 2482 aecidat.
298 2420 375 2479 Nam
395 2439 461 2478 oum
474 2420 509 2477 de
529 2419 609 2478 fonte
628 2418 806 2494 interrogati,
821 2440 879 2478 non
898 2420 1041 2496 possimus

136 2519 230 2577 dicere
244 2519 321 2596 quod
339 2517 401 2593 ipse
421 2515 460 2574 sit
478 2515 604 2588 fluvius3
624 2534 678 2572 neo
695 2516 731 2573 de
749 2515 840 2574 fluvio
859 2515 1038 2590 interrogati,

135 2615 276 2690 possimus
289 2634 356 2672 eum
375 2612 485 2670 fontem
497 2630 598 2669 vocare
610 2632 617 2682 ;
639 2614 669 2668 et
687 2630 802 2668 rursum
814 2611 960 2686 potionem
974 2630 1039 2688 quoe

137 2710 172 2768 de
185 2710 265 2767 fonte
278 2708 326 2767 vel
346 2707 436 2766 fluvio
456 2713 508 2779 est,
524 2725 577 2764 neo
597 2705 721 2763 fluvium
739 2706 881 2782 possimus
894 2707 1039 2782 appellare

135 2823 189 2862 nee
201 2805 329 2863 fontem:
351 2807 449 2862 tamen
466 2803 498 2861 in
510 2804 565 2861 hao
578 2800 709 2860 trinitate
723 2822 827 2878 aquam
839 2803 1020 2861 nominamus
1031 2825 1039 2876 ;

136 2903 166 2958 et
189 2919 255 2957 oum
281 2900 317 2957 de
344 2898 465 2972 singulis
491 2897 640 2975 quaeritur,
667 2896 837 2974 singillatim
864 2918 968 2975 aquam
994 2918 1039 2958 re-

135 2995 315 3071 spondemus.
356 2994 433 3051 Nam
457 2993 489 3051 si·
501 3012 598 3070 quaero
617 2996 717 3052 utrum
740 3013 816 3070 aqua
834 2992 866 3051 in
885 2993 965 3053 fonte
989 2994 1037 3068 sit,

133 3092 323 3167 respondetur
342 3109 435 3167 aqua3
457 3094 488 3148 et
507 3088 531 3146 si
551 3108 714 3166 quaeramus
733 3093 834 3148 utrum
854 3109 929 3165 aqua
949 3091 1039 3150 sitin

134 3188 234 3260 fluvio,
249 3187 325 3245 nihil
345 3185 426 3244 aliud
442 3186 649 3262 respondetur;
674 3189 704 3244 et
723 3185 755 3244 in
774 3185 827 3244 illa
844 3187 960 3263 potione
980 3208 1040 3247 non
1082 3175 1085 3182 ¹

133 3285 242 3362 poterit
261 3303 321 3342 esse
341 3281 399 3340 alia
418 3281 581 3357 responsio:
603 3299 656 3338 neo
674 3285 772 3340 tamen
791 3302 839 3340 eas
858 3293 919 3341 tres
937 3303 1035 3361 aquas,

136 3381 187 3440 sed
205 3400 293 3440 unam
312 3377 442 3437 dicimus.
485 3377 560 3437 Sane
581 3377 742 3436 cavendum
763 3381 863 3438 estne
885 3379 1047 3456 qnisquam
1078 3422 1113 3543 1
