2356 3780
305 594 334 655 S.
350 593 469 654 Onam.
491 592 616 652 Hunos.
639 594 763 655 Οιτπσα.
778 615 806 654 v.
823 593 839 675 g
874 599 903 655 2.

156 769 284 844 ΠΙΣΤΙΝ
306 763 335 818 δι’
355 760 383 816 έν
401 759 514 832 μαθῆσει
535 762 577 816 καί
594 761 735 834 ἐπαγγελία
759 764 853 832 κτῆσαι
876 763 917 818 καί
936 761 1050 838 τῆρησον

193 848 274 914 μόνην
286 842 333 912 τῆν
348 842 456 910 ὑπὸτῆς
470 839 627 908 Ἐκκλησίας
647 841 702 896 νυνί
721 863 765 897 σοι
778 844 988 915 παραδιδομένην,
1003 847 1050 916 τῆν

154 921 182 977 έκ
201 926 289 994 πάσης
307 923 412 996 γραφῆς
432 922 610 993 ώχυρωμένην.
651 918 756 991 Ἐπειδὴ
772 924 823 995 γάρ
844 924 874 978 οὗ
893 925 985 982 πάντες
1004 925 1049 981 δό-

154 1023 241 1059 νανται
253 1006 299 1061 τὰς
311 1002 415 1075 γραφάς
429 999 620 1073 ἀναγινώσκειν,
635 1001 705 1056 ἀλλὰ
724 1001 784 1060 τοὺς
796 1004 843 1072 μέν
856 1004 976 1066 ῖδιωτεία,
989 1005 1050 1063 τοὺς

154 1082 183 1137 δέ
196 1084 312 1154 ἀσχολία
331 1102 372 1138 τις
391 1079 521 1152 ἐμποδίζει
540 1083 605 1152 πρός
624 1081 671 1151 τῆν
682 1085 790 1153 γνῶσιν,
804 1083 870 1154 ὑπὲρ
888 1089 935 1139 τοῦ
954 1084 989 1153 μῆ
1003 1085 1049 1152 τῆν

153 1164 245 1234 ψυχὴν
258 1163 288 1231 ἐξ
300 1155 410 1232 ἀμαθίας
429 1160 585 1222 ἀπολέσθαι,
598 1162 626 1216 έν
645 1161 746 1232 ὀλίγοις
766 1165 820 1219 τοῖς
833 1162 935 1234 στίχοις
948 1167 978 1218 τδ
997 1166 1049 1220 πάν

154 1243 238 1316 δόγμα
260 1244 305 1311 τῆς
327 1243 441 1299 πίστεως
462 1243 698 1313 περιλαμβάνομεν.
735 1238 820 1316 Ὀπερ
843 1245 884 1298 καὶ
908 1243 947 1300 ἐπ’
970 1244 1049 1314 αάτῆς

155 1325 200 1392 τῆς
224 1322 322 1393 λέξεως
346 1324 520 1392 μνημονεῦσαι
546 1321 610 1390 ὑμᾶς
635 1321 775 1389 βούλομαι,
799 1321 841 1377 καί
866 1324 925 1395 παρ’
949 1326 1049 1380 ἑαυτοῖς

153 1404 217 1471 μετά
236 1407 322 1474 πάσης
342 1401 459 1470 σπουδῆς
478 1400 641 1472 ἀπαγγεῖλαι,
657 1403 703 1456 οὐκ
723 1401 760 1457 είς
778 1405 876 1474 χάρτας
895 1405 1048 1475 ἀπογραφο-

154 1487 253 1551 μένους,
273 1482 334 1539 ἀλλ’
351 1483 379 1538 ε’ν
399 1482 536 1553 καρδίᾳτῆ
557 1481 642 1550 μνήμη
661 1482 920 1554 στηλογραφοῦντας·
943 1486 1047 1556 φυλατ-

152 1563 283 1633 τομένους,
301 1566 328 1619 έν
345 1569 381 1637 τῷ
398 1563 516 1631 μελετᾷν,
534 1561 569 1629 μῆ
586 1559 637 1616 ποθ
654 1583 693 1618 τις
711 1562 897 1634 κατηχούμενος
917 1562 1048 1633 ἐπακούσῃ

153 1650 204 1698 τῶν
223 1641 442 1716 παραδεδομένων·
465 1641 535 1710 ἔχειν
560 1662 589 1694 τε
615 1640 708 1711 ταύτην
734 1643 842 1715 ἐφόδιον
865 1644 892 1697 έν
914 1645 990 1699 παντί
1010 1645 1048 1718 τῷ

154 1725 239 1798 χρόνῳ
262 1725 307 1792 τῆς
329 1725 403 1793 ζωῆς,
424 1719 466 1775 καί
486 1721 556 1789 παρὰ
579 1718 674 1790 ταότην
696 1723 781 1791 άλλην
800 1722 890 1794 μηκέτι
912 1722 1048 1793 δέξασθαι,

152 1801 216 1874 μῆτε
229 1803 261 1858 δν
274 1803 346 1872 ἡμεῖς
362 1803 436 1859 αάτοῖ
453 1799 620 1870 μεταθέμενοι
638 1804 692 1858 τοῖς
705 1805 750 1856 νῦν
767 1802 960 1871 διδασκομένοις
976 1805 1047 1858 ἕνον·

153 1886 321 1957 τιολογῶμεν,
340 1881 404 1952 μίητε
426 1881 458 1936 δν
478 1879 590 1952 ἀγγελος
616 1880 737 1945 ε’ναντίος,
758 1883 796 1939 είς
821 1883 935 1954 ἄγγελον
960 1884 1049 1954 φωτὸς

153 1963 415 2034 μετασχηματισθεὶς,
435 1962 568 2027 πλανῆσαι
589 1982 622 2014 σε
641 1959 777 2030 βούληται.
819 1960 873 2034 Κᾷν
893 1965 944 2035 γὰρ
967 1962 1048 2032 ἡμεῖς,

153 2041 168 2112 ῆ
186 2044 299 2115 ἅγγελος
318 2043 348 2112 ἐξ
366 2043 475 2113 οὐρανοῦ
492 2038 692 2113 εὐαγγελίσηται
711 2041 777 2111 ὑμᾶς
793 2043 853 2116 παρ’
868 2041 883 2095 δ
904 2046 949 2098 νῦν
967 2065 1048 2114 παρε-

152 2124 258 2188 λάβετε,
283 2121 396 2190 ἀνάθεμα
421 2120 479 2188 ὑμῖν
502 2120 580 2176 ἔστω.
621 2123 670 2175 Καὶ
692 2121 755 2178 τέως
777 2123 824 2190 μίν
845 2120 884 2177 ἐπ’
906 2124 983 2190 αι’νπῆς
1004 2124 1049 2190 τῆς

153 2203 250 2272 λέξεως
276 2199 384 2264 άκοόων,
410 2202 587 2268 μνημόνευσον
611 2201 656 2268 τῆς
682 2203 811 2257 Πίστεως.
858 2199 983 2273 Ἐκδέχου
1009 2203 1047 2262 δέ.

153 2284 217 2338 κατὰ
243 2284 289 2338 τὸν
311 2281 401 2336 δεόντα
424 2281 521 2349 καιρόν,
544 2279 591 2348 τῆν
613 2279 664 2334 ἀπὸ
684 2284 736 2334 τῶν
756 2282 838 2335 θείων
860 2283 970 2354 γραφῶν
989 2283 1050 2352 περὶ

155 2364 265 2417 ἑκάστου
288 2367 339 2416 τών
359 2358 509 2433 ἐγκειμένων
530 2358 669 2414 σύστασιν.
711 2361 749 2414 Οά
768 2362 820 2433 γάρ
841 2362 875 2418 ὡς
897 2360 985 2429 ἔδοξεν
1004 2362 1048 2415 ἀν·

155 2441 267 2514 θρώποις
282 2441 405 2510 συνετέθη
419 2441 452 2494 τὰ
469 2439 514 2507 τῆς
527 2438 655 2501 Πίστεως,
669 2438 732 2495 ἀλλ’
747 2442 775 2496 ἐκ
792 2443 879 2510 πάσης
897 2442 1002 2513 γραφῆς
1015 2441 1048 2494 τὰ

154 2523 306 2593 καιριώτατα
331 2520 513 2591 συλλεχθέντα
537 2520 598 2587 μίαν
624 2520 769 2591 ἀναπληροῖ
792 2520 839 2590 τῆν
861 2523 906 2590 τῆς
929 2522 1049 2577 Πίστεως

154 2601 331 2657 διδασκαλίαν.
373 2600 422 2655 Καὶ
441 2599 518 2670 ὅνπερ
538 2601 635 2671 τρόπον
655 2601 670 2652 ὁ
690 2605 737 2655 τοῦ
760 2602 887 2657 σινάπεως
905 2604 1003 2674 σπόρος
1022 2601 1050 2655 ἐν

153 2685 235 2753 μικρῶ
261 2682 343 2755 κόκκιρ
368 2679 485 2736 πολλοὺς
510 2677 624 2749 περιέχει
650 2679 710 2735 τοὺς
736 2681 855 2744 κλάδους,
878 2679 944 2736 οὕτω
971 2680 1012 2734 καί
1033 2679 1048 2748 ῆ

155 2762 250 2818 Πίστις
276 2757 338 2829 αὕτη
362 2759 390 2813 έν
412 2759 513 2827 ὀλίγαις
537 2755 636 2828 ρῆμασι
662 2761 751 2814 πᾶσαν
772 2763 819 2829 τῆν
845 2763 872 2816 ἐν
897 2767 928 2830 τῇ
951 2762 1049 2829 παλαιᾷ

155 2843 195 2896 καί
209 2844 279 2911 καινῇ
293 2843 338 2910 τῆς
351 2839 484 2904 εὐσεβείας
496 2842 594 2911 γνῶσιν
606 2839 813 2910 ε’γκεκόλπισται.
