2356 3780
161 217 198 278 88
416 228 418 233 ⁴
468 225 750 275 1.’111.111111111
785 229 804 261 ’τ

156 404 451 492 111111111111111
471 416 565 486 potest
591 408 692 470 duobus
718 410 836 469 1111111111
861 410 971 469 sarcire.
1013 411 1052 468 In

155 509 266 569 familia
278 509 369 584 ipsius
389 507 429 566 sic
449 507 622 579 1111111111,
639 507 779 584 quomodo
799 505 831 564 in
844 506 927 564 domo
947 525 1052 580 magna

155 604 207 664 ubi
227 609 271 664 est
288 601 494 682 paterfamilias
513 605 543 662 11
561 603 650 661 habet
669 601 772 674 filium,
788 600 916 659 dieamus
937 605 967 660 et
986 621 1046 675 nos,

157 703 176 734 ‘⁸
185 699 327 757 Dominus
339 698 437 775 major,
448 697 589 756 Dominus
598 695 737 755 minor?”
766 696 948 755 Aversamini
961 698 1051 757 talem

154 794 364 871 cogitationem.
405 792 438 852 Si
456 792 537 851 vobis
559 791 631 852 talia
654 790 781 850 feceritis
802 792 834 850 in
857 792 949 866 corde,
972 792 1050 852 idola

153 883 261 968 ponitis
274 889 305 948 in
319 889 414 948 anima
426 908 494 946 una.
526 888 646 946 Prorsus
659 887 800 964 repellite.
832 888 918 946 Prius
931 888 1047 963 credite,

152 991 252 1065 postea
264 985 428 1061 intelligite.
470 983 525 1042 (tui
539 991 636 1042 autem
649 984 737 1042 donat
751 983 839 1057 Deus,
855 988 890 1043 ut
908 1003 974 1042 cum
988 1004 1048 1044 cre-

151 1083 266 1157 diderit,
289 1081 346 1142 cito
371 1080 526 1156 intelligat,
552 1079 608 1138 Dei
631 1080 738 1138 donum
765 1083 817 1152 est,
841 1099 900 1139 non
921 1079 1049 1140 humana

151 1179 302 1254 fragilitas.
333 1178 442 1235 Tamen
456 1176 481 1234 si
492 1177 621 1234 nondum
632 1175 805 1250 intelligitis,
822 1175 947 1234 credite:
969 1177 1050 1235 Deus

150 1299 227 1339 unus
248 1281 343 1352 Pater,
365 1278 445 1336 Deus
466 1276 598 1335 Christus
617 1275 712 1335 Filius
734 1275 799 1335 Dei.
840 1276 934 1334 Ambo
956 1276 1049 1353 quid?

150 1372 234 1436 Unus
246 1376 335 1434 Deus.
376 1374 417 1432 Et
430 1360 570 1449 quomodo
586 1373 698 1430 “ambo
712 1391 788 1430 unus
800 1371 902 1429 1)111”
916 1369 1048 1430 dicitur?

150 1465 321 1537 Quomodo?
339 1466 475 1526 miraris?
504 1468 539 1524 ln
557 1465 680 1524 Actibus
692 1465 905 1542 Apostolorum,
920 1467 963 1524 Et
975 1473 1044 1542 erat,

147 1567 254 1643 inquit,
267 1567 431 1626 credentium
442 1566 535 1624 aalma
545 1585 602 1624 aaa
611 1569 637 1623 et
651 1584 696 1624 eor
706 1585 800 1625 onum.
828 1566 931 1625 Multae
944 1567 1046 1627 animae

101 1721 103 1725 ,
149 1667 241 1735 crant,
258 1663 329 1720 fides
342 1662 455 1720 easdem
468 1681 556 1719 unam
569 1660 684 1720 fecerat.
714 1661 770 1720 Tot
782 1661 875 1719 millia
887 1661 1046 1721 animarum

148 1761 247 1827 erant3
270 1759 438 1814 amaverunt
459 1774 497 1828 se,
520 1757 551 1814 11
570 1755 671 1814 multae
692 1758 855 1813 suntuna:
878 1760 1048 1816 amaverunt

148 1852 244 1912 Deum
256 1851 288 1909 in
301 1852 368 1926 igne
382 1850 539 1925 charitatis,
556 1856 643 1921 etex
659 1848 848 1910 multitudine
861 1851 898 1908 ad
916 1852 1046 1926 pulchri-

148 1949 259 2009 tudinis
272 1948 414 2007 unitatem
427 1932 577 2008 venerunt.
618 1947 649 2006 Si
662 1951 723 2006 tam
736 1947 843 2006 multas
856 1947 964 2006 animas
977 1949 1047 2010 feeit

147 2046 272 2106 animam
285 2065 373 2103 unam
387 2044 519 2118 charitas,
536 2044 630 2121 qualis
648 2043 772 2102 charitas
792 2048 836 2103 est
848 2045 926 2120 apud
938 2046 1042 2120 Deum,

147 2143 199 2202 ubi
211 2142 294 2200 nulla
307 2141 467 2214 diversitas,
484 2142 534 2199 sed
547 2141 660 2216 integra
672 2139 847 2217 equalitas?
871 2141 903 2199 Si
915 2141 947 2200 in
960 2143 1045 2202 111111

146 2244 176 2300 11
189 2239 220 2297 in
234 2237 400 2296 hominibus
411 2237 508 2314 potuit
518 2257 579 2296 esse
592 2241 674 2296 tanta
687 2235 819 2309 charitas,
832 2238 913 2296 atde
926 2241 970 2297 tot
983 2240 1044 2298 ani·

146 2336 249 2395 mabus
268 2335 376 2393 faceret
393 2353 483 2392 unam
496 2334 630 2407 animam,
646 2332 697 2392 ubi
716 2352 828 2410 semper
844 2334 1044 2411 inseparabilia
1063 2370 1065 2374 Α

144 2431 202 2491 fuit
216 2433 303 2492 Pater
317 2430 429 2504 aFilio,
445 2429 540 2490 Filius
561 2431 686 2504 aPatre,
701 2433 865 2513 potuerunt
882 2429 964 2489 ambo
983 2451 1044 2490 esse

144 2526 203 2586 nisi
223 2528 304 2586 Deus
325 2526 427 2585 unus?
471 2526 528 2584 Sed
551 2525 611 2584 illae
636 2524 738 2584 animae
763 2531 792 2585 et
815 2526 917 2584 multae
941 2526 1044 2586 animae

145 2622 203 2680 dici
216 2625 382 2699 potuerunt,
399 2626 429 2681 et
450 2621 545 2680 anima
557 2641 633 2680 nna:
655 2622 735 2680 Deus
756 2624 861 2693 autem,
878 2621 1043 2681 1111111111-

145 2717 268 2776 effabilis
288 2720 318 2776 et
337 2736 449 2776 summa
469 2716 642 2793 conjunctio,
664 2737 740 2775 unus
761 2716 840 2775 Dens
860 2717 918 2775 dici
937 2722 1041 2794 potest,

143 2829 202 2871 non
216 2812 258 2870 dii
271 2812 337 2870 duo.

185 2913 212 2967 5.
233 2908 318 2967 Facit
344 2907 509 2985 quodvult
535 2909 631 2979 Pater,
654 2909 726 2970 facit
752 2910 829 2987 quod
851 2912 917 2971 vult
938 2912 1041 2973 Filius.

143 3003 244 3063 Nolite
266 3010 368 3081 putare
392 3004 618 3080 omnipotentem
639 3005 756 3065 Patrem
779 3011 809 3066 et
831 3028 890 3066 non
913 3009 1043 3086 omnipo·

142 3103 253 3160 tentem
279 3101 408 3159 Filium:
439 3120 517 3159 error
540 3105 592 3172 est,
619 3102 712 3162 delete
738 3105 792 3163 hoc
816 3105 847 3163 in
869 3106 959 3171 vobis.
985 3125 1044 3165 non

143 3195 253 3254 haereat
273 3196 304 3254 in
324 3196 461 3254 memoria
481 3201 586 3269 vestra,
600 3216 658 3256 non
677 3198 795 3258 bibatur
814 3200 844 3259 in
866 3202 922 3261 fide
935 3207 1041 3275 vestra,

144 3295 175 3350 11
189 3291 213 3348 si
227 3292 300 3351 forte
315 3291 420 3369 aliquis
433 3297 562 3352 vestrum
575 3293 690 3367 biberit,
706 3301 812 3356 vomat.
854 3297 1043 3375 Omnipotens

10 3390 13 3397 “
130 3388 293 3462 estPater,
313 3387 496 3467 omnipotens
515 3389 620 3449 Filius.
663 3391 695 3451 si
715 3392 895 3470 omnipotens
914 3414 973 3463 non
993 3415 1042 3470 ge·
