2356 3780
182 230 220 284 46
485 241 507 282 s.
526 239 642 282 cmm
661 240 776 282 munos.

182 427 294 498 δύναμις,
309 427 392 484 καθώς
412 425 517 501 εῖρηται·
536 433 572 503 τῷ
586 429 670 500 Πατρῖ
692 423 904 496 συμβασιλεώων,
920 427 961 481 καὶ
979 427 1081 482 πάντων

93 511 97 521 ¹
182 526 225 581 διὰ
234 524 280 580 τόν
290 526 393 596 Πατέρα
407 525 567 598 δημιουργός·
581 525 651 580 ἀλλὰ
661 524 801 594 όνελλιπὴς
815 525 855 581 εἷς’
865 524 983 594 θεότητος
997 522 1080 590 όξίον,

182 623 224 677 καί
236 623 371 695 γινώσκων
384 623 429 676 τὸν
445 624 623 695 γεγεννηκότα,
638 621 720 678 καθώς
737 623 890 694 γινώσκεται
913 622 963 676 ὑπὸ
976 623 1023 674 τοῦ
1035 641 1079 693 γε-

183 722 342 793 γεννηκότος.
385 719 435 772 Καὶ
457 715 498 773 ἵνα
513 720 645 788 συντόμως
666 716 783 789 εῖπωμεν,
806 721 853 773 τοῦ
874 719 901 773 ἐν
921 717 1082 790 εὐαγγελίοις

184 815 361 890 γεγραμμένου
374 815 500 885 μέμνησο,
515 813 554 869 ότι
569 820 588 844 “
597 816 681 872 οὐδεὶς
694 816 858 887 ἐπιγινώσκει
871 817 916 870 τὸν
929 816 998 881 Υίὸν,
1010 814 1033 868 εῖ
1045 836 1080 884 μη

184 917 199 968 6
213 911 310 985 Πατήρ·
332 912 391 967 οὗδέ
404 914 449 968 τὸν
461 913 564 984 Πατέρα
575 913 615 969 τῖς
629 913 800 986 ἐπιγινώσκει,
815 912 838 966 εί
850 913 884 982 μή
899 914 913 965 6
927 908 1016 967 Υίός.”

225 1011 251 1065 8.
273 1010 323 1064 Καὶ
334 1007 398 1079 μήτε
411 1009 627 1081 όπαλλοτριώοης
639 1013 686 1064 τοῦ
695 1011 797 1082 Πατρός
810 1011 855 1063 τὸν
864 1009 933 1073 Υίὸν,
942 1005 1006 1078 μήτε
1017 1029 1079 1061 συν·

184 1106 298 1178 αλοιφὴν
317 1106 492 1180 ἐργασάμενος
515 1107 681 1178 υίοπατορίον
703 1104 855 1176 πιστεόσης·
883 1104 952 1160 όλλᾶ
971 1105 1081 1160 πίστευε

184 1203 223 1259 ότι
246 1206 302 1262 ἐνὸς
319 1208 387 1258 θεοῦ
408 1203 547 1276 μονογενής
568 1197 605 1259 εῖς
625 1203 698 1258 ἐστὶν
715 1204 782 1267 Υῖὸς,
802 1205 817 1256 6
839 1203 890 1275 πρὸ
910 1201 1012 1258 πάντων
1031 1204 1082 1254 τῶν

184 1302 282 1356 αἰώνων
295 1303 369 1366 θεὸς,
384 1301 609 1374 Λόγος,-Λόγος,
624 1299 654 1354 οὗ
672 1300 833 1372 προφορικὸς
850 1299 887 1356 εῖς
900 1299 963 1371 όέρα
980 1299 1082 1368 διαχεό-

185 1421 271 1468 μενος,
286 1401 345 1452 οὔτε
365 1399 454 1468 λόγοις
475 1397 662 1452 όνυποστιίτοις
683 1395 884 1467 ἐξομοιοόμενος,
900 1396 970 1450 ἀλλὰ
990 1398 1082 1470 Λόγος,

185 1496 254 1562 Υίὸς,
269 1495 382 1567 λογικῶν
393 1492 515 1565 1ποιητής,
530 1495 622 1565 Λόγος,
637 1491 735 1548 όκαόων
754 1497 800 1548 τοῦ
814 1492 918 1564 Πατρός
938 1495 979 1548 καὶ
994 1496 1083 1549 λαλῶν

186 1590 275 1646 Αὐτός.
306 1591 355 1645 Καὶ
368 1591 426 1662 περὶ
440 1589 487 1659 μέν
500 1587 598 1650 τούτων
611 1590 675 1643 κατὰ
688 1591 784 1663 καιρὸν,
798 1590 821 1644 εί
835 1592 849 1643 6
864 1592 929 1647 θεὸς
940 1591 1083 1663 παράσχοις

185 1684 346 1759 πλοηῖτερον
362 1684 422 1755 ἡμῖν
434 1683 583 1757 ῥηθήσεται·
605 1684 635 1740 οὐ
655 1687 706 1760 γὰρ
724 1686 943 1758 ἐπιλανθανώμεθα
960 1689 1006 1756 τὴς
1018 1707 1081 1758 προ-

187 1783 296 1850 τάσεως,
310 1781 350 1836 ὅτι
364 1782 552 1853 κεφαλαιώδεις
566 1783 713 1856 εἰσαγωγὰς
725 1783 839 1841 πίστεως
853 1789 898 1840 νῦν
909 1781 1060 1854 ποιοίμεθα.

335 2039 406 2082 ΠΕΡΙ
423 2037 484 2084 ΤΗΣ
502 2040 542 2082 ΕΚ
559 2040 724 2085 nAmNo‘r
743 2039 936 2086 ΓΕΝΝΗΣΕΩΣ.

226 2153 254 2207 9.
277 2153 389 2208 Πίστευέ
403 2154 430 2208 δέ
444 2151 484 2206 ότι
496 2151 570 2210 οὗτος
585 2156 599 2207 6
612 2153 751 2227 μονογενής
763 2153 822 2210 Υίός
836 2159 882 2209 τοῦ
897 2158 972 2223 θεοῦ,
984 2156 1026 2211 διὰ
1040 2158 1085 2213 τὰς

187 2250 310 2322 ἁμαρτίας
328 2248 408 2318 ἡμῶν,
423 2250 452 2318 ἐξ
469 2249 584 2322 οὐρανῶν
597 2250 724 2320 κατῆλθεν
742 2251 784 2306 ἐπὶ
803 2253 848 2320 τὴς
864 2255 920 2323 γῆς,
934 2252 980 2320 τήν
997 2257 1084 2322 ὁμοιο-

187 2348 255 2418 παθὴ
276 2345 370 2416 ταύτην
390 2346 450 2418 ἡμῖν
471 2345 608 2416 ἀναλαβὼν
631 2347 822 2420 ἀνθρωπότητα,
845 2351 885 2404 καὶ
906 2350 1034 2421 γεννηθεὶς
1056 2349 1096 2420 ἐξ,

187 2446 260 2518 ἁγίας
274 2442 407 2515 Παρθένου
425 2444 465 2497 καῖ
476 2442 570 2517 Ἀγίου
583 2443 738 2515 Πνεόματος·
759 2445 790 2500 οὗ
811 2445 916 2516 δοκήσει
934 2449 975 2501 καὶ
988 2447 1086 2517 φαντα-

187 2541 233 2611 σίᾳ
245 2543 291 2610 τὴς
305 2538 522 2612 ἐνανθρωπήσεως
535 2541 679 2613 γενομένης,
695 2528 765 2597 ιίλλέι
775 2546 808 2612 τῇ
823 2541 937 2613 ἀληθείᾳ·
958 2542 1017 2596 οὐδέ
1032 2544 1086 2596 ὥσ.-

186 2658 236 2708 περ
258 2638 300 2691 διὰ
324 2639 441 2705 σωλῆνας
459 2638 569 2692 διελθών
590 2640 635 2706 τὴς
653 2638 789 2710 παρθένου,
806 2639 877 2702 ἀλλὰ
897 2639 1038 2711 σαρκωθεὶς
1059 2641 1087 2708 ἐξ

188 2734 265 2803 αὐτῆς
291 2732 402 2803 ἀληθῶς,
431 2727 489 2808 [καῖ
516 2735 772 2808 γαλακτοτροφηθεῖς
801 2736 903 2805 ἀληθῶς
929 2738 959 2805 ἐξ
985 2732 1084 2810 αὐτῆς]

189 2832 282 2904 φαγών
294 2832 329 2888 ώς
341 2830 413 2899 ἡμεῖς
431 2831 541 2900 ἀληθῶς,
556 2833 598 2886 καὶ
614 2833 680 2887 πιών
693 2835 727 2890 ὡς
746 2833 818 2902 ἡμεῖς
838 2833 948 2903 όληθῶς.
990 2835 1022 2889 El
1035 2837 1085 2907 γὰρ

188 2929 329 3000 φάντασμα
342 2925 400 2997 ἡνὴ
415 2928 614 3002 ένανθρώπησις,
630 2932 771 3002 φάντασμα
785 2936 826 2988 καὶ
841 2933 854 3002 ἡ
870 2934 993 3004 σωτηρία,
1022 2945 1086 2989 Διπ-

187 3028 251 3082 λοῦς
270 3025 301 3095 ἡν
320 3028 335 3079 6
351 3028 474 3098 Χριστὸς,
487 3026 621 3099 όνθρωπος
640 3028 687 3099 μέν
706 3031 736 3084 τό
756 3031 918 3101 φαινόμενον,
933 3031 998 3088 θεὸς
1013 3032 1041 3086 δέ
1057 3032 1087 3085 τὸ

186 3123 221 3192 μή
243 3123 404 3194 φαινόμενον·
416 3123 532 3192 ,ἐσθίων
551 3125 599 3195 μὲν
623 3127 656 3184 ὡς
676 3127 810 3200 ἅνθρωπος
830 3129 932 3198 ἀληθῶς
953 3131 987 3186 ώς
1006 3128 1087 3197 ἡμεῖς,

187 3214 243 3289 εἶχε
262 3219 312 3291 γὰρ
331 3221 375 3288 τὴς
396 3223 492 3291 σαρκὸς
512 3222 542 3274 τὸ
561 3221 716 3292 ὁμοιοπαθὲς
736 3225 770 3280 ὣς
788 3224 869 3294 ἡμεῖς,
887 3227 991 3299 τρέφων
1010 3225 1037 3280 δέ
1057 3225 1085 3278 ἐκ

187 3315 264 3371 πέντε
284 3314 446 3386 ι’ίρτωντοὺς
465 3320 692 3391 πεντακισχιλίους
712 3321 746 3378 ὧς
761 3325 832 3378 θεός·
854 3322 1025 3394 ἀποθνήσκων
1039 3323 1088 3392 μέν

65 3428 107 3558 .
181 3413 220 3466 ὡς
234 3412 372 3484 ἅνθρωπος
387 3412 499 3483 α’ληθῶς,
513 3418 603 3489 νεκρὸν
622 3418 650 3472 δέ
674 3419 719 3472 τὸν
739 3417 911 3492 τετραήμερον
931 3417 1036 3493 ἐγείρων
1052 3420 1086 3476 ώς
