2356 3780
282 230 305 271 ι.
326 229 442 272 cmm
460 232 573 275 mos.
593 232 761 275 οκτααςιαοεε
782 232 901 277 omn.
1001 223 1040 278 43

142 395 315 467 ήἘκκλησία
330 397 452 464 νουθετεῖ,
468 398 510 455 διά
527 403 604 455 τοῦτο
623 401 655 455 τὰ
673 401 787 473 παρόντα
808 399 985 469 διδασκαλεῖα,
999 403 1042 459 διδ

142 497 218 550 τοῦτο
231 494 264 548 τά
277 494 464 568 ἀναγνῶσματα
477 496 598 570 γίνονται.

184 591 212 645 2.
233 589 264 646 ‘0
277 592 328 666 γὰρ
341 594 387 662 τῆς
400 592 551 659 θεοσεβείας
564 594 660 667 τρόπος
672 593 700 648 έκ
712 591 759 650 δῦο
776 592 874 649 τοῦτων
887 597 1040 669 συνδπηκε,

144 690 279 762 δογμάτων
292 689 409 755 εὐσεβῶν
422 693 464 746 καὶ
475 691 595 763 πράξεων
614 690 724 764 ἀγαθῶν·
745 691 794 746 Καὶ
808 693 867 745 οὔτε
879 692 912 747 τὰ
925 694 1041 768 δόγματα

142 788 224 859 χωρὶς
243 788 325 861 ἔργων
344 785 447 860 ἀγαθῶν
466 787 642 863 εῦπρόσδεκτα
660 790 696 864 τῷ
716 792 782 864 θεῷ,
800 791 859 843 οὔτε
878 789 911 843 τὰ
929 791 964 861 μή
984 787 1040 862 μετ’
1103 813 1105 816 ·

142 882 260 949 εὐσεβῶν
276 885 410 957 δογμάτων
429 884 493 958 ἔργα
512 882 652 957 τελούμενα
672 884 873 958 προσδέχεταιὸ
894 890 967 945 Θεός.
1008 891 1040 944 Τί

140 981 191 1053 γάρ
215 980 322 1052 ὄφελος,
344 979 437 1036 εἶδέναι
457 982 505 1051 μέν
526 983 559 1037 τὰ
579 983 639 1053 περὶ
653 986 720 1037 θεοῦ
743 979 858 1053 δόγματα
881 987 973 1054 καλῶς,
996 987 1038 1040 καί

140 1076 274 1150 πορνεῦειν
295 1077 432 1152 αίσχρῶς;
455 1079 482 1134 τί
501 1076 524 1134 δ’
544 1077 577 1134 οῦ
597 1081 677 1136 πάλιν
696 1077 801 1150 ὄφελος,
824 1080 971 1152 σωφρονεῖν
990 1081 1038 1152 μέν

141 1178 234 1243 καλῶς,
248 1177 289 1230 καὶ
302 1177 475 1247 βλασφημεῖν
492 1177 612 1243 ἀσεβῶςς
633 1176 766 1250 Μέγιστον
784 1175 870 1231 τοίνυν
883 1179 965 1247 κτῆμά
980 1180 1039 1234 ε’στι

141 1274 171 1327 τὸ
184 1277 235 1327 τῶν
247 1273 382 1344 δογμάτων
394 1270 506 1341 μάθημα.
541 1274 594 1328 Καὶ
605 1273 682 1347 χρεία
694 1272 824 1344 νηφαλίου
836 1272 936 1344 ψυχῆς,
950 1275 1037 1345 ε’πειδή

142 1368 241 1426 πολλοί
253 1369 321 1423 εἶσιν
333 1371 358 1422 οί
380 1367 591 1443 συλαγωγοῦντες
607 1372 650 1425 διδ
669 1373 713 1440 τῆς
731 1369 899 1440 φιλοσοφίας
912 1371 953 1424 καί
967 1375 1040 1442 κενής

142 1468 247 1534 ἀπάτης.
277 1466 325 1520 Καὶ
338 1466 363 1519 οί
375 1463 558 1535 μένἘλληνες
572 1468 613 1523 διά
626 1471 671 1538 τῆς
684 1467 840 1538 εὐγλωττίας
853 1464 1038 1539 κατασῦρουσι·

141 1561 229 1634 “μελι
242 1563 293 1636 γὰρ
311 1561 452 1629 ἀποστάζει
470 1563 520 1619 ἀπὸ
535 1563 646 1636 χειλέων
662 1565 781 1636 γυναικὸς
797 1562 920 1636 πόρνης.”
962 1567 995 1620 Οί
1008 1568 1037 1622 δέ

139 1657 167 1714 έκ
179 1660 328 1732 περιτομῆς,
342 1658 385 1714 διὰ
397 1665 448 1714 τῶν
462 1659 537 1714 θείων
551 1662 661 1735 γραφῶν
679 1659 709 1718 δς
726 1660 931 1733 παρεξηγοῦνται
947 1667 1037 1724 κακῶς,

139 1757 200 1814 τοῦς
219 1756 446 1829 προσερχομένους
466 1755 607 1812 ἀπατῶσιν·
638 1757 666 1812 έκ
688 1757 792 1813 παιδίον
814 1762 970 1828 μελετῶντες
990 1759 1039 1818 ἕως

136 1850 229 1926 γήρως,
245 1854 286 1907 καὶ
300 1851 328 1907 έν
341 1851 436 1925 ἀμαθίᾳ
449 1859 647 1925 καταγηρῶντες.
690 1857 827 1928 Αἷρετικῶν
841 1857 869 1911 δέ
882 1858 980 1923 παῖδες,
994 1858 1036 1912 διὰ

138 1951 183 2018 τῆς
203 1949 396 2022 χρηστολογίας
416 1950 457 2004 καὶ
477 1949 641 2022 εὐγλωττίας,
661 1951 779 2006 ἀπατῶσι
797 1952 843 2009 τάς
863 1955 966 2026 καρδίας
986 1959 1037 2011 τῶν

139 2047 248 2112 ἀκάκων,
270 2046 359 2118 ῶσπερ
380 2045 474 2116 μέλιτι,
495 2051 526 2117 τῇ
548 2050 595 2100 τοῦ
608 2051 724 2119 Χριστοῦ
740 2050 911 2121 προσηγορίᾳ,
931 2051 963 2105 τά
986 2056 1038 2105 τῶν

141 2141 281 2207 δυσσεβῶν
294 2142 428 2214 δογμάτων
441 2143 536 2209 ἷοβόλα
556 2140 788 2216 συγκαλῦπτοντες.
830 2146 895 2218 Περὶ
909 2147 944 2200 ῶν
956 2149 1036 2202 άπάν·

139 2261 191 2293 των
203 2239 255 2309 ἅμα
267 2237 338 2310 λέγει
352 2235 455 2310 Κῦριος,
469 2240 487 2267 “
499 2238 612 2293 Βλέπετε
623 2239 658 2309 μή
671 2260 710 2295 τις
723 2239 788 2309 ῦρᾶς
799 2237 946 2310 πλανήσῃ.”
986 2242 1036 2294 Διά

138 2339 215 2391 τοῦτο
229 2335 270 2390 καὶ
284 2333 299 2402 ή
313 2336 357 2404 τῆς
370 2334 491 2390 Πίστεως
510 2333 665 2389 διδασκαλία
685 2336 726 2390 καὶ
746 2336 783 2392 εἷς
802 2335 880 2405 αὐτὴν
900 2334 1037 2408 ἐξηγήσεις

96 2471 103 2482 ·
138 2434 262 2507 γίνονται.

178 2530 205 2583 3.
227 2531 284 2601 Πρὸ
299 2530 326 2584 δέ
346 2531 392 2597 τῆς
405 2528 441 2584 είς
458 2527 505 2597 τήν
518 2527 613 2582 Πίστιν
625 2529 801 2599 παραδόσεως,
814 2530 898 2585 καλῶς
911 2529 980 2600 ἔχειν
992 2551 1036 2600 μοι

137 2626 208 2680 δοκεῖ
221 2631 264 2683 νῦν
278 2626 502 2699 ἀνακεφαλαιῶσει
519 2626 639 2699 συντόμῳ
657 2624 808 2697 χρήσασθαι
826 2630 878 2681 τῶν
890 2625 1033 2699 ἀναγκαίων

138 2721 281 2794 δογμάτων,
297 2721 385 2795 ἵναμή
401 2725 430 2778 τὸ
448 2722 548 2793 πλῆθος
563 2728 613 2776 τῶν
625 2722 825 2793 λεχθησομένου
839 2723 880 2777 καὶ
892 2721 922 2777 τὸ
937 2723 1034 2793 μεταξὺ

139 2818 267 2890 διάστημα
280 2826 330 2876 τῶν
349 2820 449 2893 ἡμερῶν
461 2821 506 2891 τῆς
520 2819 595 2893 όγίας
612 2822 825 2892 τεσσαρακοστῆς
838 2823 940 2890 ἁπάσης
953 2818 1036 2890 λήθην

139 2914 266 2986 ε’μποιήση
280 2923 331 2971 τῶν
350 2916 378 2972 έν
395 2917 453 2987 ὑμῖν
473 2916 658 2989 ἀφελεστέρων
677 2920 707 2984 τῇ
729 2917 834 2987 διανοίᾳ·
855 2913 916 2971 ἀλλ’
931 2914 971 2971 Ιίνα
992 2919 1036 2972 νῦν

137 3013 321 3084 κεφαλαιωδῶς
334 3014 545 3087 ῦποσπείραντες,
559 3013 593 3084 μή
613 3013 793 3083 ε’πιλαθῶμεθα
806 3019 857 3069 τῶν
870 3015 953 3069 αῦτῶν
966 3016 1033 3069 πλα-

134 3108 245 3182 τυτέρως
257 3110 455 3183 γεωργουμένων
468 3109 584 3183 ὕστερον.
623 3109 847 3180 Ἀνασχέσθωσαν
861 3111 889 3165 δέ
902 3116 952 3166 τῶν
966 3133 1032 3181 συμ-

134 3208 269 3280 παρόντων
291 3207 315 3260 οί
338 3209 492 3280 τελειότεροι
515 3210 561 3279 τήν
581 3206 644 3275 ἕξιν,
663 3209 705 3262 καὶ
729 3207 790 3263 “τδ
808 3206 963 3281 αἶσθητήρια
985 3208 1033 3278 ήδη

133 3301 331 3377 γεγυμνασμένα
350 3303 453 3374 ἔχοντες
471 3308 536 3377 πρὸς
555 3305 684 3377 διάκρισιν
704 3304 803 3377 ἀγαθοῦ
822 3328 850 3359 τε
868 3307 910 3360 καὶ
929 3304 1033 3374 κακοῦ,”

134 3401 345 3472 νηπιωδεστέρων
357 3397 492 3459 ἀκοῦοντες
505 3404 546 3457 καὶ
559 3405 604 3472 τῆς
622 3403 809 3478 γαλακτῶδους
828 3397 1056 3472 ελσαγωηῖχς,“κυα

135 3497 187 3567 ἀρα
197 3499 241 3554 καί
252 3501 281 3555 ol
298 3500 344 3571 τῆς
362 3496 535 3574 κατηχήσεως
549 3501 645 3579 χρείαν
662 3504 775 3577 ’ἔχοντες
791 3494 984 3572 ὣὼελῆλῧὶων
994 3487 1047 3564 *ὦ
1058 3452 1135 3555 ‘fx‘
