2356 3780
376 224 412 266 ru
432 225 589 268 srmonurr
608 225 816 268 arosronoaurr.
990 210 1045 271 131

146 404 204 470 quo
217 392 275 452 Ille
293 392 416 452 salutem
429 397 600 470 operaturus
612 391 763 470 pervenire
779 411 838 452 non
850 396 954 470 posset.
995 393 1047 453 In-

144 489 227 547 ferna
240 491 271 548 et
288 507 412 565 superna
423 488 507 548 nobis
520 487 666 562 dicuntur,
682 487 743 566 qui,
751 494 837 548 certa
855 488 979 566 corporis
991 488 1047 548 cir.⁴

145 582 367 660 cumscriptione
381 583 517 658 conclusi,
532 583 611 644 intra
629 583 756 660 regionis
775 584 952 662 praescriptae
965 586 1048 649 nobis

143 678 282 739 terminos
306 678 493 740 continemur.
535 681 597 739 Deo
621 683 728 756 autam,
752 678 804 758 qui
823 680 933 758 ubique
949 685 999 743 est
1018 685 1048 742 et

142 781 288 853 nusquam
300 775 389 849 deest,
405 775 477 853 quid
492 774 640 834 internum
653 779 706 846 est,
720 779 772 836 aut
785 775 857 853 quid
869 774 1046 852 supernum?

143 869 342 930 Veruntamen
367 870 400 929 in
426 871 601 932 assumtione
628 871 753 949 corporis
779 870 867 931 etiam
891 870 948 932 ista
970 891 1048 932 com·

142 967 269 1044 plentur.
311 966 513 1026 Resuscitatur
525 986 590 1027 caro
611 987 676 1045 quae
696 966 826 1044 deposita
844 967 940 1028 tuerat
958 966 988 1026 in
1004 989 1047 1028 se·

142 1063 253 1139 pulcro,
269 1065 306 1123 ut
325 1063 532 1140 adimplerem
545 1063 621 1124 illud
634 1064 711 1141 quod
724 1064 836 1124 dictum
849 1067 893 1123 est
911 1083 964 1141 per
976 1065 1046 1124 Pro·

142 1159 269 1236 phetam,
298 1160 371 1228 Qm'a
396 1179 451 1218 moa
471 1159 550 1218 dabie
573 1166 698 1220 rcmctmn
721 1165 800 1220 tamn
819 1160 911 1220 sidae
933 1180 1047 1236 corrom-

143 1255 252 1315 ta'omcm.
296 1254 398 1315 Rediit
424 1274 491 1330 ergo
513 1255 607 1315 victor
630 1277 647 1316 a
669 1257 801 1330 mortuis,
826 1254 933 1318 inferni
957 1255 1048 1332 spolia

142 1374 240 1414 secum
266 1356 391 1415 trahens.
434 1356 548 1415 Eduxit
573 1355 651 1416 enim
678 1376 726 1415 eos
752 1356 804 1433 qui
830 1357 1004 1415 tenebantur
1030 1376 1048 1416 a

140 1453 242 1524 morte,
260 1449 336 1510 sicut
354 1454 384 1510 et
398 1450 466 1527 Ipse
485 1451 662 1528 predixerat,
676 1452 729 1512 ubi
749 1454 800 1517 ait.
820 1453 890 1513 Cam
909 1452 1048 1513 moltam

134 1545 219 1622 famo
237 1566 255 1605 a
272 1551 357 1628 terra,
375 1549 467 1606 ommia
488 1548 526 1606 ad
545 1569 587 1607 mcc
608 1549 701 1624 amcam
720 1548 838 1608 matam.
880 1548 1048 1608 Attestatur

141 1645 238 1700 autem
271 1643 307 1702 de
341 1642 396 1701 hoc
422 1643 624 1720 Evangelium,
653 1663 721 1703 cum
750 1644 831 1719 dicit,
860 1646 1044 1705 Mcmcmmtc

141 1743 238 1812 aperto
264 1743 338 1810 sumt,
362 1743 390 1798 ct
415 1740 506 1800 malta
533 1760 648 1817 corpora
673 1741 870 1803 dormientium
890 1746 1046 1802 sanatorem

138 1839 357 1909 camaracam,
374 1838 402 1893 ct
419 1840 611 1911 apparuerant
630 1837 736 1912 maltis,
752 1842 780 1897 ct
799 1839 996 1916 impraecisum
1014 1839 1047 1897 a'm

139 1939 261 1994 acaciam
281 1936 430 2009 civitatem,
450 1934 541 2009 illam,
560 1935 621 1995 sine
641 1935 738 2010 dubio,
755 1935 791 1994 de
811 1954 870 2012 qua
888 1934 1046 2011 Apostolus

139 2027 219 2100 dicit,
249 2030 313 2098 Qum
337 2034 429 2089 autam
448 2051 559 2090 saraam
580 2036 620 2089 cet
639 2031 792 2092 Jerusalem
809 2029 895 2089 libera
916 2034 963 2102 cat,
986 2047 1045 2107 qam

139 2127 180 2181 cat
198 2129 289 2183 motor
302 2127 427 2185 ommium
446 2131 581 2187 mostrmm.
623 2128 707 2188 Sicut
726 2130 756 2187 et
776 2127 813 2185 ad
832 2125 971 2184 Hebraeos
990 2125 1044 2183 ite·

141 2237 206 2276 rum
227 2218 307 2290 dicit,
323 2220 442 2279 Decebct
461 2222 534 2279 mam
546 2223 632 2296 Eme,
642 2227 771 2298 proptor*
783 2241 860 2298 quem
879 2221 980 2291 ommia,
990 2240 1045 2295 ,oar

138 2333 216 2391 quam
230 2315 330 2388 ommim
348 2317 400 2392 qm‘
410 2316 511 2374 multos
523 2317 603 2393 filios
623 2319 655 2376 im
669 2318 790 2393 plurima
803 2317 965 2388 adduceret,
981 2335 1044 2374 aaa

138 2414 222 2470 torem
236 2410 339 2470 salatia
360 2431 452 2470 mum
459 2432 515 2492 per
528 2413 687 2487 passionem
709 2411 903 2473 comammmasri.
945 2410 1045 2485 Igitur

137 2508 364 2564 consummatam
387 2506 568 2582 passionibus
592 2526 707 2566 carnem
729 2508 896 2578 humanam,
922 2524 987 2582 quae
1010 2505 1043 2564 in

137 2607 259 2660 mortem
289 2600 431 2660 ceciderat
461 2620 513 2679 per
543 2601 714 2679 protoplasti
743 2601 866 2678 lapsum,
900 2619 1042 2660 resurrec-

135 2697 224 2756 tionis
243 2697 353 2758 virtute
372 2702 543 2775 reparatam,
560 2699 591 2757 in
612 2699 732 2758 dextera
751 2698 807 2758 Dei
828 2697 928 2756 sedens
947 2697 980 2757 in
1000 2699 1040 2758 al·

136 2793 254 2852 tissimis
269 2794 428 2854 collocavit.
470 2796 556 2855 Unde
569 2800 600 2855 et
612 2795 770 2872 Apostolus
783 2794 864 2867 dicit,
894 2794 950 2862 (lai
957 2795 1043 2854 samm

135 2893 266 2952 excitauit
286 2914 343 2965 moe,
369 2894 503 2972 sumulque
526 2895 615 2953 cadara
633 2894 707 2971 facit
728 2896 759 2954 o'm
783 2893 940 2954 ecclesiolas.
980 2894 1040 2954 Hic

135 2988 213 3048 enim
235 2994 297 3049 erat
323 2989 440 3065 figulus,
467 2989 527 3067 qui,
553 2993 589 3050 ut
610 2990 752 3050 Jeremias
774 2989 919 3065 Propheta
945 2989 1036 3064 docet,

143 3085 196 3143 Vae
220 3085 251 3142 dc
271 3105 355 3144 anama
376 3105 426 3144 aaa
449 3085 597 3161 collapsam
618 3090 645 3145 ot
667 3086 836 3163 confractam
854 3105 967 3145 romeam
988 3087 1038 3146 elc-

135 3181 214 3240 oam't
237 3180 361 3240 mamilae
382 3182 440 3240 caia
463 3186 491 3240 ct
512 3181 682 3257 reformavit,
706 3183 778 3241 sicat
794 3181 906 3260 placuit
925 3182 957 3240 c'm
977 3202 1036 3242 ccm-

135 3274 228 3352 apccim
240 3279 305 3353 ajam
341 3277 455 3336 Placuit
469 3282 566 3335 autem
579 3277 630 3351 ita,
647 3281 682 3337 ut
696 3297 807 3354 corpus,
824 3277 901 3354 quod
915 3279 1035 3338 mortale

135 3374 165 3430 et
184 3373 371 3451 corruptibile
392 3376 562 3450 susceperat,
579 3376 614 3433 de
635 3373 781 3451 sepulchri
799 3376 883 3452 petra
895 3374 1032 3449 levatum,
