2356 3780
370 252 404 293 ns
425 252 578 294 crunonuu
596 251 806 295 Arosrononun.
982 238 1037 296 119

136 427 226 487 nomii
245 427 366 501 cantico,
381 428 434 487 ubi
448 428 527 502 dicit,
549 430 617 488 Cum
636 430 916 489 divideretEcoelsuo
933 435 1040 508 penth'

136 524 240 582 statuit
259 524 391 584 terminos
409 524 533 601 pontium
554 525 698 584 comodum
718 545 861 586 cumeum
881 525 1040 603 angelorum

134 620 199 679 Dei.
244 620 301 679 Sed
315 620 461 679 ethorum
474 620 618 694 nonnulli,
635 621 710 680 sicut
723 625 753 680 et
766 621 828 699 ipse
843 621 895 699 qui
906 621 1040 699 princeps

135 712 298 790 appellatus
311 717 356 773 est
369 713 480 788 mundi,
496 714 594 773 datam
610 713 666 774 sibi
684 715 776 774 sDeo
789 715 963 792 potestatem
982 734 1041 775 non

135 807 182 867 his
200 808 306 886 quibus
325 810 494 885 acceperant
513 807 627 884 legibus
646 811 853 884 temperarunt,
868 829 922 868 neo
939 809 1042 867 huma-

137 921 210 962 num
233 923 325 979 genus
345 903 452 962 divinis
475 903 591 962 obedire
614 903 774 982 praeceptis,
796 905 845 963 sed
865 904 925 963 suis
943 923 1044 981 perere

136 999 428 1075 praevaricationibus
454 998 621 1059 docuerunt.
674 999 713 1059 Et
735 999 804 1058 hinc
830 1000 970 1058 adversus
991 1019 1044 1060 nos

138 1098 320 1170 peccatorum
333 1093 525 1171 chirographa
543 1093 649 1170 scripta
663 1098 740 1168 sunt,
756 1092 834 1174 quia,
850 1097 886 1153 ut
897 1094 1044 1171 Propheta

139 1188 219 1261 dicit,
236 1190 364 1249 Prorutis
383 1191 486 1249 metris
505 1191 657 1250 venundati
674 1210 775 1249 rumor.
817 1189 949 1249 Pretium
961 1209 1042 1247 nam-

140 1301 198 1360 que
224 1285 327 1344 animoe
354 1304 414 1344 succ
441 1285 641 1362 unusquisque
672 1285 858 1362 consequitur
883 1303 949 1342 cum
977 1302 1042 1342 con·

142 1379 326 1455 cupiscentiae
349 1380 530 1442 satisfecerit.
570 1381 627 1440 Per
652 1380 732 1440 istud
755 1400 823 1457 ergo
845 1376 1045 1456 unusquisque

142 1475 367 1552 chirographum
380 1475 440 1534 illis
459 1475 620 1535 rectoribus
639 1475 770 1553 pessimis
789 1476 951 1547 tenebatur,
967 1473 1046 1551 quod

142 1569 275 1630 Christus
296 1571 425 1631 detraxit
448 1571 613 1644 adveniens,
634 1575 665 1630 et
684 1571 740 1630 hac
760 1590 808 1630 eos
829 1573 972 1648 potestate
995 1569 1044 1628 de·

143 1655 274 1726 nudavit.
316 1667 411 1744 quue
435 1667 488 1725 sub
508 1666 621 1742 ingenti
640 1667 777 1750 mysterio
797 1666 906 1726 Paulus
925 1664 1043 1739 indicat,

142 1781 209 1821 cum
221 1762 293 1822 dicit
306 1764 341 1821 de
355 1764 407 1837 Eo,
422 1763 522 1822 Doleas
534 1763 607 1840 quod
625 1764 752 1822 adsum
765 1783 813 1822 nos
826 1768 887 1822 erut
906 1762 1046 1840 chirogra-

136 1860 235 1934 phum,
261 1864 288 1918 et
311 1861 418 1938 affigens
439 1858 513 1918 clad
532 1860 610 1920 cruri
630 1879 693 1934 sua,
721 1860 849 1920 hcdzcrc't
865 1860 1047 1936 princqcotus

143 1958 170 2013 ct
177 1959 336 2031 potestates,
352 1955 527 2030 triumphum
540 1975 581 2014 coo
595 1955 626 2014 io
640 1956 790 2031 semetipso.
829 1955 966 2014 Rectores
979 1973 1047 2030 ergo

143 2049 190 2108 illi
204 2070 275 2127 quos
288 2051 414 2109 humano
433 2050 532 2125 generi
549 2051 717 2126 praefccerct
734 2052 823 2125 Deus,
839 2051 871 2109 in
883 2049 1048 2128 tyrannidis
1108 2124 1109 2127 Ἴ

145 2145 354 2203 contumaciam
368 2145 453 2219 versi,
469 2145 639 2222 impugnare
659 2147 823 2204 commissos
842 2144 898 2204 sibi
917 2143 1048 2202 homines

145 2225 271 2314 aggressi
291 2244 405 2299 suntet
424 2240 535 2317 peccati
553 2239 661 2317 praeliis
681 2240 834 2299 debellare.
876 2238 961 2298 Siout
973 2240 1049 2297 Ere·

145 2334 220 2393 chiei
243 2334 388 2411 Propheta
410 2335 541 2412 mysticis
561 2335 694 2411 designat
717 2335 848 2411 eloquiis,
875 2353 941 2393 cum
964 2332 1046 2408 dicit,

144 2432 182 2490 Ic
211 2429 263 2489 illc
295 2431 340 2489 dc'c
366 2432 515 2506 procedent
547 2429 640 2510 onpelc'
664 2431 835 2507 festinantes
868 2429 1048 2488 octumiucre

145 2527 332 2602 AEthc'opc'cm,
348 2525 453 2602 eritque
472 2525 602 2585 intereos
615 2524 793 2599 pertubatio
811 2527 843 2585 ἐπ
856 2525 899 2583 die
912 2524 1046 2602 AEpyptc',

145 2625 274 2703 quoniam
291 2644 346 2682 ecce
365 2623 447 2682 veuit.
489 2624 575 2699 Ergo,
592 2621 799 2700 omnipotentia
816 2642 916 2682 eorum
928 2623 1051 2694 nudata,

146 2721 278 2781 Christus
305 2719 413 2778 dicitur
432 2719 634 2795 triumphasse,
658 2718 842 2797 ablatamque
869 2721 905 2778 ab
929 2718 971 2778 eis
997 2738 1048 2795 pc·

145 2819 281 2876 testatem
292 2815 457 2874 hominibus
470 2814 641 2889 tradidisse;
663 2813 739 2874 sicut
759 2815 795 2872 sd
809 2815 966 2891 discipulos
984 2833 1049 2872 suos

147 2912 219 2971 dicit
232 2913 299 2989 Ipse
319 2911 352 2971 in
365 2910 533 2987 Evangelio,
548 2912 619 2970 Ecce
639 2911 702 2971 dedi
720 2911 794 2970 cobis
807 2916 973 2987 potestatem
993 2909 1049 2969 ccl-

147 3009 231 3067 candi
249 3028 331 3083 super
351 3013 486 3083 serpentes
504 3011 531 3066 et
550 3008 711 3082 scorpiones,
727 3013 755 3066 ct
774 3029 856 3085 cuper
869 3027 971 3066 omnem
991 3007 1049 3066 oir-

150 3108 235 3163 tutem
249 3105 365 3163 inimici.
407 3104 480 3163 Illos
499 3103 599 3180 itaque
612 3103 663 3180 qui
683 3107 800 3180 accepta
818 3105 960 3182 potestate
973 3102 1049 3162 male

152 3200 234 3260 abusi
248 3205 315 3259 sunt
328 3198 465 3276 subjectis
479 3199 622 3276 quondam
636 3198 696 3258 suis
709 3199 832 3276 subjecit
845 3218 918 3258 crux
932 3197 1048 3258 Christi.

151 3298 213 3357 Nos
232 3317 309 3371 vero,
323 3297 379 3355 hoo
399 3300 451 3369 cst,
466 3296 626 3354 humanum
647 3315 737 3371 genus
758 3296 858 3354 edocet
877 3294 969 3372 primo
990 3313 1050 3352 om·

152 3392 235 3453 nium
248 3411 340 3470 usque
360 3390 396 3450 ad
409 3394 531 3451 mortem
543 3389 674 3452 resistere
695 3391 831 3451 adversus
846 3393 1009 3468 peccatum„
1021 3391 1055 3446 et
