2356 3780
155 202 211 259 128
429 212 534 254 uurrnr
553 152 779 252 oouuunranrus

151 395 298 476 processit,
311 396 382 454 'fons
403 393 607 471 redemptionis
626 413 659 454 ac
676 393 746 454 vite
767 392 803 452 de
825 393 942 452 secundi
958 380 1056 455 Adam

152 498 232 554 costa
243 491 421 569 producitur.

193 594 241 648 24.
265 587 409 664 Scriptum
437 590 482 646 est
508 586 584 664 quod
610 585 642 645 in
667 584 798 662 passione
824 586 897 664 Ejus
923 587 959 645 ab
984 587 1056 645 hora

153 688 238 744 sexta
264 703 356 760 usque
383 683 421 741 ad
450 683 551 741 horam
581 702 687 740 nonam
712 683 838 741 tenebrae
865 683 949 742 faotae
975 685 1053 742 sunt.

154 780 263 856 Accipe
299 782 329 838 et
355 780 391 838 de
424 780 478 837 hoc
504 779 658 856 Prophetae
691 778 890 838 testimonium
922 778 1053 852 dicentis,

160 876 268 935 Occidet
295 873 351 933 to'bc'
377 874 419 932 sol
447 875 569 934 meridie.
610 874 650 932 Et
675 872 782 932 iterum
808 873 959 932 Zacharias
986 875 1056 933 Pro·

154 971 260 1048 pheta:
278 971 315 1029 Io
326 970 388 1044 illo,
399 970 505 1047 inquit,
520 971 563 1029 da‘e
576 990 631 1029 aon
643 970 698 1030 erit
711 969 770 1029 lua.
793 971 899 1047 lilipca
912 975 939 1029 et
946 971 1057 1046 maino

153 1067 212 1126 erit
230 1067 262 1124 ἐπ
275 1087 332 1125 aaa
344 1067 388 1125 da'e
396 1091 408 1135 ;
432 1071 458 1125 et
476 1067 532 1125 dios
549 1067 602 1125 illo
621 1070 687 1125 aeta
700 1065 840 1133 Domioo;
865 1071 892 1124 et
904 1087 986 1144 aeque
999 1067 1057 1126 dieo

154 1183 237 1240 noqsae
256 1183 318 1236 aea,
334 1167 360 1221 at
380 1163 417 1221 ad
435 1182 572 1238 vesperam
592 1163 648 1222 erit
667 1162 725 1222 luc.
766 1161 843 1228 Quid
861 1167 921 1221 tam
941 1163 1058 1222 evidens
1107 1232 1113 1243 ἱ

155 1278 173 1318 a
197 1259 342 1335 Propheta
368 1257 426 1317 dici
452 1262 574 1336 poterat,
600 1261 635 1317 ut
657 1256 804 1334 jamtum
829 1258 892 1316 haec
917 1277 976 1315 non
998 1261 1058 1317 tam

156 1354 259 1413 futura
277 1352 396 1431 praedici
412 1373 499 1430 quam
514 1352 624 1412 narrari
643 1353 790 1429 praeterita
802 1351 977 1411 videantur?
1018 1354 1060 1413 Et

156 1448 250 1524 frigus
276 1452 307 1509 et
332 1447 467 1525 pruinam
489 1448 636 1525 praedixit.
678 1448 833 1525 Propterea
855 1448 933 1506 enim
954 1450 1060 1508 Petrus

156 1543 342 1604 calefaciebat
366 1563 395 1601 se
418 1543 456 1601 ad
478 1544 575 1618 ignem
598 1542 667 1620 quia
689 1543 782 1617 frigus
805 1547 885 1616 erat3
913 1549 943 1603 et
965 1543 1057 1620 patio:

156 1641 244 1699 batur
259 1639 360 1713 frigus,
376 1657 434 1696 non
455 1638 548 1697 solum
568 1638 711 1716 temporis,
728 1640 778 1698 sed
798 1642 828 1698 et
847 1639 926 1699 fidei.
966 1639 1060 1701 Addit

157 1733 255 1807 etiam,
277 1735 320 1793 Ee
340 1734 396 1792 dieo
417 1733 469 1792 illa
488 1740 554 1794 noto
572 1735 713 1801 Domino:
741 1739 767 1793 et
786 1754 869 1811 aeque
889 1734 955 1808 duo,
977 1755 1061 1812 aeque

156 1849 220 1888 ooo.
262 1829 341 1894 Quid
364 1832 417 1902 est,
439 1849 523 1907 aeque
543 1830 599 1888 dies
618 1849 702 1907 aequo
721 1832 799 1889 nos?
837 1829 941 1889 Nonne
962 1834 1061 1907 aperte

160 1925 196 1984 de
216 1924 331 1983 insertis
350 1923 410 1982 diei
429 1923 556 1984 tenebris
577 1928 607 1984 et
628 1931 761 1984 revocata
780 1945 896 1984 rursum
917 1927 983 1985 luce
1003 1926 1061 1984 dis·

159 2019 272 2081 seruit?
313 2020 381 2080 Non
403 2020 462 2080 fuit
487 2020 540 2078 illa
562 2020 631 2094 dies,
657 2040 752 2098 neque
778 2020 856 2079 enim
878 2021 999 2100 incoepit
1024 2022 1061 2080 ab

159 2120 227 2176 ortu
247 2116 317 2175 solis
323 2137 331 2187 ;
353 2135 446 2193 noque
466 2115 580 2190 integra
598 2136 658 2174 nox
677 2117 744 2191 fuit,
760 2136 819 2175 nou
838 2117 924 2190 enirn,
945 2120 1062 2194 peracto

159 2210 218 2270 diei
238 2231 332 2284 cursu,
350 2210 442 2287 spatia
462 2210 514 2269 sibi
530 2211 627 2270 debita
640 2211 689 2270 vel
708 2213 744 2271 ab
757 2210 842 2271 initio
862 2211 997 2289 suscepit,
1012 2212 1064 2271 vel

159 2307 197 2365 ad
222 2307 362 2366 ultimum
391 2306 582 2366 determinata
612 2307 770 2385 perduxit;
804 2307 855 2365 sed
881 2307 982 2382 fugata
1010 2326 1063 2384 per

158 2403 314 2483 impiorum
340 2403 452 2462 facinus
478 2403 533 2462 lux
557 2407 709 2480 reparatur
733 2403 770 2461 ad
792 2421 949 2479 vesperam.
992 2401 1064 2462 Post

158 2498 261 2557 horam
288 2498 365 2557 enim
398 2490 512 2572 honam,
542 2499 671 2575 depulsis
697 2497 833 2571 tenebris,
861 2497 905 2556 sol
931 2496 1064 2557 redditur

160 2595 277 2655 mundo.
325 2593 366 2652 Et
392 2592 499 2652 iterum
525 2593 600 2651 alius
626 2594 662 2652 de
690 2595 745 2653 hoc
776 2593 838 2669 ipso
865 2591 1064 2652 testimonium

159 2688 240 2762 dicit,
256 2691 300 2748 Et
312 2689 502 2749 odanaabitwr
515 2709 597 2765 caper
611 2694 715 2748 taram
728 2690 759 2747 a'a
772 2689 816 2747 die
830 2688 842 2747 l
881 2734 888 2748 .

201 2790 249 2844 25.
271 2785 362 2843 Docet
382 2785 536 2860 Evangelii
559 2784 725 2861 praedicatio
745 2784 823 2860 quod
846 2783 934 2843 etiam
956 2782 1065 2844 milites

159 2880 322 2940 diviserunt
342 2879 396 2939 sibi
410 2880 583 2940 vestimenta
602 2881 621 2940 J
623 2901 682 2954 esu,
699 2885 728 2939 et
746 2899 833 2956 supra
852 2879 980 2939 tunicam
1001 2878 1065 2957 ejus

160 2977 303 3037 miserrmt
315 2980 429 3036 sortem.
472 2977 538 3036 Hoc
557 2977 644 3036 etiam
658 2995 735 3036 ourae
748 2976 808 3035 fuit
821 2975 944 3053 Spiritui
959 2975 1065 3035 Sancto

158 3074 373 3150 Prophetarum
393 3073 512 3131 vocibus
531 3072 693 3148 protestari,
710 3092 777 3130 cum
797 3071 894 3130 David
913 3070 993 3144 dicit,
1008 3071 1065 3130 Di-

159 3170 284 3228 oe‘oeruat
310 3167 367 3226 sibi
399 3169 559 3228 vestimenta
591 3187 659 3242 meo,
688 3172 715 3226 et
748 3187 830 3243 saper
855 3171 953 3225 acaum
979 3185 1066 3225 meam

162 3266 297 3324 micarunt
318 3269 425 3325 sortem.
468 3264 524 3323 Sed
546 3283 584 3323 ne
605 3265 640 3323 de
663 3263 716 3322 illa
738 3263 856 3340 quidem
877 3267 957 3322 veste
978 3281 1067 3338 quam

155 3359 301 3420 d1'ountur
320 3361 432 3422 milites
456 3361 611 3421 illudentes
637 3361 764 3420 induisse
787 3360 873 3436 Eum,
899 3358 930 3418 id
953 3361 1005 3434 est,
1029 3358 1067 3418 de
