2356 3780
190 225 247 281 116
465 241 570 281 numrr
590 241 813 283 connunranrus

184 424 282 480 tamen
304 425 373 481 sunt
391 420 453 480 visa
476 421 633 495 credibilia,
656 425 691 480 ut
710 422 894 481 Deucalionis
915 427 945 482 et
964 423 1085 500 Pyrrhae

183 514 296 592 lapides
311 517 414 593 jactos,
430 520 460 575 et
472 516 623 574 hominum
636 536 674 575 ex
691 516 738 574 his
759 521 884 592 segetem
897 521 1003 576 natam.
1045 518 1085 577 nt

185 629 252 669 cnm
274 612 337 670 haec
356 615 401 671 tot
420 616 450 671 et
472 611 544 674 talia
566 612 704 687 figmenta
725 612 908 686 crediderint,
929 632 1021 671 unum
1044 612 1087 672 cis

185 705 362 783 impossibile
380 708 506 781 videtur,
528 708 606 785 quod
628 708 792 767 adolescens
815 708 933 767 immina
954 707 1086 767 divinum

186 820 312 876 germen,
323 822 382 861 non
394 803 519 861 hominis
531 803 604 862 vitio
618 803 667 863 sed
681 803 742 861 Deo
756 803 892 880 spirante,
905 803 1084 880 conceperit!

185 897 245 964 Qui
257 898 369 975 utique,
386 898 410 957 si
430 899 468 957 ad
487 900 660 958 credendum
674 899 805 959 difficiles
825 904 903 973 snut,
918 899 978 958 illis
990 904 1037 959 tot
1055 904 1086 960 et

184 997 245 1052 tam
263 993 400 1070 turpibus
421 993 557 1053 monstris
575 994 663 1052 fidem
685 1015 867 1072 nequaquam
888 996 1086 1054 commendare

184 1088 361 1149 debuerant:
388 1089 500 1148 sivero
523 1090 623 1149 faciles
645 1096 713 1150 sunt
733 1093 770 1150 ad
789 1092 970 1164 credendum,
992 1091 1086 1150 multo

183 1185 346 1262 promptius
367 1185 431 1243 haec
449 1189 547 1244 nostra
566 1190 627 1245 tam
650 1186 770 1246 honesta
790 1190 900 1246 ettam
923 1189 1021 1245 sancta
1039 1205 1085 1243 re·

183 1279 287 1355 cipere,
303 1300 391 1357 quam
410 1280 536 1340 illatam
555 1280 675 1356 indigna
695 1286 797 1342 ettam
810 1283 888 1341 foeda
907 1282 1022 1340 credere
1036 1282 1085 1339 de-

181 1375 321 1436 buissent.

225 1475 271 1531 12.
294 1472 351 1532 Sed
364 1472 465 1532 dicunt
477 1473 614 1546 fortassis,
631 1473 707 1540 Quia
725 1472 860 1550 possibile
881 1472 1008 1532 sifuerit
1020 1473 1084 1532 Deo

182 1570 217 1625 nt
230 1566 312 1640 virgo
331 1567 502 1643 conciperet,
517 1567 653 1644 possibile
673 1567 761 1627 etiam
780 1568 876 1626 fuerat
895 1571 931 1626 ut
950 1572 1081 1643 pareret:

183 1661 232 1719 sed
250 1661 404 1736 indiguum
418 1662 458 1720 eis
471 1662 564 1720 videri
577 1666 612 1721 ut
624 1666 705 1722 tanta
724 1663 776 1721 illa
792 1663 927 1740 majestas
939 1681 991 1737 per
1004 1662 1084 1737 geni·

180 1757 255 1815 tales
277 1757 404 1816 foeminae
427 1757 564 1818 transiret
587 1778 736 1832 egressus:
762 1759 822 1832 nbi,
847 1757 980 1834 quamvis
1001 1759 1084 1818 nulla

181 1851 272 1911 fuerit
289 1872 327 1910 ex
340 1851 419 1910 virili
440 1852 634 1912 commistione
655 1854 794 1930 contagio,
810 1855 870 1914 fuit
881 1859 979 1913 tamen
991 1855 1084 1931 ipsius

180 1946 327 2022 puerperii
336 1949 479 2007 'obscoenae
494 1948 702 2008 attrectationis
714 1949 829 2027 injuria.
870 1951 927 2008 Pro
940 1968 998 2025 qno
1010 1969 1082 2026 pan·

181 2041 271 2117 lisper
290 2043 332 2101 eis
355 2046 513 2103 secundum
536 2065 652 2105 sensnm
672 2065 755 2104 suum
778 2046 1007 2121 respondeamus.
1051 2045 1084 2104 Si

181 2138 247 2215 quis
260 2139 359 2200 mdeat
377 2142 533 2217 parvulum
545 2143 576 2200 in
589 2142 731 2218 profundo
746 2142 821 2201 coeni
839 2142 945 2213 necari,
960 2146 990 2201 et
1008 2142 1079 2218 ipse,

180 2242 247 2292 cum
268 2234 306 2294 sit
317 2235 364 2294 vir
379 2255 500 2311 maguus
520 2240 550 2296 et
568 2241 678 2313 potens,
695 2241 866 2310 extremum,
882 2241 918 2297 ut
936 2237 979 2296 ita
998 2237 1080 2296 dixe·

179 2330 244 2405 rim,
266 2330 447 2406 ingrediatur
466 2351 580 2390 coenum
599 2337 634 2392 nt
655 2333 810 2409 parvulum
833 2332 936 2392 liberet
958 2333 1082 2392 morien·
1135 2389 1137 2393 .

179 2430 248 2499 tem,
264 2427 431 2503 pollutusne
451 2432 511 2487 ate
530 2429 712 2488 accusabitur
724 2428 772 2487 hic
786 2429 839 2501 vir,
856 2427 908 2505 qui
927 2429 1080 2505 paululum

180 2522 334 2582 calcaverit
351 2523 417 2595 luti,
432 2542 469 2580 an
482 2527 517 2583 ut
529 2524 689 2583 misericors
708 2523 883 2597 laudabitur,
899 2524 978 2600 qnod
990 2522 1081 2582 ritum

181 2618 337 2677 contulerit
355 2618 516 2678 morituro?
552 2619 608 2678 Sed
620 2621 683 2679 haec
702 2621 790 2679 etiam
808 2620 843 2677 de
864 2617 1008 2678 communi
1027 2619 1080 2677 ho·

179 2711 258 2770 mine
271 2712 349 2770 dicta
362 2714 429 2772 siut.
471 2713 634 2772 Redeamus
646 2734 724 2772 nnnc
744 2714 781 2772 ad
794 2718 929 2772 naturam
941 2713 1015 2789 Ejus
1028 2712 1080 2789 qui

178 2811 329 2868 natusest.
361 2808 509 2875 Quantum
522 2813 608 2885 putas
617 2813 722 2869 natura
731 2809 800 2868 solis
812 2809 870 2867 Illo
884 2809 1002 2868 inferior
1015 2810 1080 2870 est?

179 2902 329 2969 Quantum
345 2908 475 2963 creatura
494 2904 555 2962 sine
576 2905 663 2964 dubio
677 2906 819 2965 creatore.
861 2905 982 2964 Intuere
1001 2923 1080 2963 nunc

178 2998 203 3057 si
224 2997 293 3056 solis
313 2998 411 3056 radius
429 2998 546 3058 incoani
569 3000 694 3078 alicujus
712 2999 878 3074 voraginem
898 2999 1078 3074 demittatur,

177 3093 320 3170 numquid
346 3093 414 3152 inde
439 3095 610 3171 pollutionis
635 3095 747 3172 aliquid
773 3092 918 3173 acquirit?
952 3099 1004 3155 aut
1031 3097 1080 3154 ob·

179 3207 341 3247 scoenorum
353 3189 509 3249 illustratio
530 3191 598 3250 solis
617 3191 735 3250 ducitur
748 3191 779 3249 in
798 3189 957 3269 injuriam?
997 3191 1082 3266 Ignis

178 3303 294 3360 quoque
307 3288 416 3359 quanto
436 3289 540 3344 natura
560 3291 604 3346 est
622 3287 742 3346 inferior
755 3287 801 3346 his
813 3289 849 3347 de
863 3287 969 3364 quibus
988 3307 1082 3346 sermo

159 3377 235 3436 est?
272 3380 319 3440 Et
334 3379 423 3440 nulla
436 3381 559 3442 materia
571 3383 621 3444 vel
633 3384 764 3442 obscoena
776 3384 825 3442 vel
837 3383 932 3460 turpis
951 3383 1083 3444 adhibita
