2356 3780
368 266 403 306 ru
423 264 577 306 srunouuu
596 264 805 306 urosrououuu.
987 248 1042 306 135

140 447 159 485 e
185 428 292 487 deceris
317 428 393 500 mee's,
423 429 504 487 donee
530 448 636 503 pomam
662 429 788 488 immicos
816 432 875 487 teos
901 427 1045 488 scabellum

131 521 237 596 pedem
258 525 375 581 tuorem.
417 522 489 588 Quae
510 524 609 582 tamen
629 522 708 582 dicte
726 521 870 581 Dominus
893 521 926 580 in
946 523 1043 581 Evan-

136 616 211 692 gelio
226 616 368 675 disserens
388 617 502 679 dicebat
523 619 560 677 ed
573 617 745 691 Pharisaeos,
763 618 801 677 δι’
819 638 881 694 erqo
895 619 993 677 Deve'd
1013 619 1044 677 e'm

134 714 241 789 spirite
264 714 418 773 Dome'mem
444 719 520 773 coeat
545 734 613 788 emm,
638 715 766 791 quomodo
785 713 869 789 filies
896 715 953 790 ejice
980 715 1045 773 eet?

134 809 191 868 Per
212 809 290 886 quod
318 809 445 869 ostendit
473 829 502 868 se
531 810 689 868 secundum
716 808 852 885 spiritum
876 807 1053 878 Dominum,v

137 904 296 964 secundum
319 924 434 964 carnem
457 905 552 964 filium
579 925 639 964 esse
660 905 765 964 David.
809 903 898 964 Unde
924 909 955 965 et
980 905 1043 982 ipsc

137 999 279 1059 Dominus
298 1000 407 1059 iterum
427 1000 506 1073 dicit,
531 1000 713 1060 Veruntamen
735 1001 795 1059 de‘co
816 1000 900 1069 eolla,
914 1001 945 1057 Α
968 1000 1044 1058 modo

136 1096 264 1155 cederem
279 1096 377 1174 filium
398 1097 517 1156 homimis
541 1097 672 1155 sedentem
700 1095 738 1153 ed
763 1096 901 1154 deeterem
927 1095 1044 1154 certetis

137 1191 202 1249 Dei.
244 1191 284 1250 Et
297 1191 401 1249 Petrus
414 1191 573 1268 Apostolus
594 1189 667 1249 dicit
688 1190 723 1248 de
738 1190 864 1263 Christo,
886 1190 945 1258 Que'
961 1194 1001 1247 est
1013 1191 1064 1249 e'm'

138 1287 249 1345 desiere
263 1286 322 1345 Dee'
333 1289 425 1346 sederes
443 1289 474 1346 e'm
488 1287 570 1347 ecelis.
614 1286 672 1345 Sed
685 1290 715 1345 et
728 1286 838 1345 Paulus
852 1285 889 1343 ad
901 1285 1045 1363 Ephesios

139 1382 274 1455 scribens,
303 1384 457 1443 Secundum
483 1385 674 1459 operationem,
697 1382 802 1459 inquit,
824 1384 958 1457 potentie
984 1383 1042 1441 oe'e·

141 1478 211 1537 tetis
232 1479 296 1554 mes,
318 1499 398 1557 qoem
420 1484 547 1556 operetur
569 1484 608 1538 est
629 1480 661 1537 e'm
687 1479 806 1552 Uiriato,
827 1478 964 1536 suscitares
985 1497 1045 1536 emm

141 1574 296 1646 emortuis,
313 1580 341 1633 et
354 1575 443 1634 sedere
448 1574 558 1650 sesima
572 1575 603 1633 e'm
617 1574 729 1632 deeteee
741 1593 800 1632 aee,

181 1674 228 1728 33.
251 1669 337 1745 Quod
351 1678 449 1729 autem
462 1669 561 1729 veniat
570 1670 755 1748 judicaturus
765 1669 847 1728 vivos
861 1673 891 1729 et
904 1671 1042 1742 mortuos,

140 1765 243 1825 multis
256 1766 374 1844 quidem
387 1766 553 1824 divinarum
566 1765 774 1843 scripturarum
788 1765 962 1825 testimoniis
976 1766 1043 1824 edo·

140 1880 249 1921 cemur.
292 1862 350 1922 Sed
369 1860 538 1939 priusquam
551 1862 728 1939 propheticis
745 1863 807 1922 haeo
828 1863 951 1940 eloquiis
970 1881 1046 1939 prae·

139 1958 218 2017 dicta
237 1960 397 2032 doceamus,
413 1957 490 2016 illud
509 1958 666 2018 necessarie
687 1958 809 2017 arbitror
822 1959 1041 2032 admonendum,

141 2056 218 2130 quod
240 2055 296 2114 ista
316 2055 385 2114 fidei
405 2055 524 2114 traditio
545 2054 674 2132 quotidie
696 2074 748 2113 nos
768 2055 835 2114 vult
857 2056 892 2113 de
917 2056 1043 2114 adventu

141 2149 253 2210 Judiois
267 2169 328 2208 esse
349 2151 501 2222 sollicitos3
523 2156 558 2211 ut
572 2155 653 2210 actus
669 2154 782 2209 nostros
795 2151 838 2209 ita
849 2170 1044 2227 preparemus

141 2250 280 2322 tanquam
306 2246 450 2306 reddituri
476 2247 641 2306 imminenti
663 2248 760 2325 judici
785 2247 935 2306 rationem.
977 2247 1043 2306 Hoc

141 2343 219 2400 enim
243 2350 305 2402 erat
332 2343 408 2420 quod
437 2346 467 2402 et
490 2343 635 2420 Propheta
661 2343 775 2402 dicebat
802 2343 837 2427 dc
859 2342 921 2400 viro
948 2342 1041 2415 beato,

145 2439 219 2508 Qee'e
240 2439 363 2513 disponit
386 2458 517 2498 sermones
541 2458 602 2497 sees
627 2439 658 2497 e'm
675 2439 795 2514 jcediee‘o.
839 2437 924 2502 Quod
945 2440 1044 2495 autem

140 2534 247 2592 dicitur
270 2534 402 2611 judicare
429 2535 509 2592 vivos
535 2537 566 2592 et
592 2538 728 2607 mortuos,
758 2553 817 2591 non
844 2533 908 2591 ideo
935 2531 1043 2590 dicitur

141 2630 218 2707 quod
240 2629 291 2689 elii
312 2628 382 2702 vivi,
406 2628 457 2686 alii
479 2627 587 2687 mortui
608 2629 645 2686 ad
662 2627 808 2705 judicium
828 2626 948 2687 veniant
959 2650 967 2694 ;
993 2627 1044 2684 sed

140 2727 217 2803 quod
231 2726 340 2785 animas
355 2725 442 2784 simul
458 2724 604 2802 judicabit
616 2729 646 2782 et
660 2744 785 2801 corpora,
801 2723 833 2782 in
844 2723 951 2800 quibus
962 2722 1044 2780 vivos

140 2823 258 2897 animas,
274 2826 403 2882 mortuos
422 2841 539 2897 camora
552 2820 722 2880 nominavit.
765 2821 848 2880 Siout
862 2824 892 2878 et
907 2819 969 2897 ipse
982 2820 1042 2878 Do·

139 2920 236 2978 minus
256 2919 387 2996 loquitur
407 2918 439 2976 in
457 2917 616 2991 Evangelio
639 2917 745 2990 diceus,
766 2917 863 2977 Nolite
886 2917 981 2976 timere
1002 2936 1043 2975 eoa

140 3017 190 3094 qee'
215 3036 311 3092 eorpus
332 3019 451 3091 posceret
476 3014 600 3087 cecidere,
625 3015 723 3071 ecimce
746 3019 836 3072 aetem
858 3012 934 3070 allel
948 3012 1043 3088 secere

134 3115 272 3188 possent:
293 3112 340 3168 sed
359 3110 450 3168 timete
465 3109 562 3184 polleas
582 3129 641 3167 eem
661 3110 712 3185 qee'
724 3113 818 3183 potest
837 3113 864 3167 et
883 3108 1003 3166 ememem
1017 3113 1043 3167 et

139 3228 236 3283 coepes
244 3207 361 3283 perdere
375 3207 406 3264 e'm
417 3206 574 3282 peleemem.

185 3309 232 3364 34.
254 3303 340 3362 Nunc
350 3303 411 3380 jam
425 3302 534 3379 paucis,
548 3300 572 3359 si
584 3300 708 3375 videtur,
722 3300 809 3359 etiam
822 3320 874 3377 per
884 3299 1043 3376 Prophetas

139 3402 203 3461 haeo
216 3400 354 3480 praedicta
374 3417 434 3458 esse
448 3399 609 3458 doceamus.
650 3399 740 3456 Plura
754 3401 851 3458 cutem
863 3396 1046 3466 testimonie,
