2356 3780
363 239 398 280 ns
418 239 572 280 srsrnonun
592 238 803 280 nrosrononun.
979 219 1034 278 127

910 304 920 326 0

134 428 257 498 auferre,
274 426 362 486 etiam
381 430 466 485 terrae
487 424 640 483 maledicta
658 443 792 501 purgare,
808 442 883 500 quae,
899 426 1036 500 peccante

134 523 320 600 protoplasto,
346 520 519 580 sententiam
543 519 787 597 pravaricationis
812 524 969 595 acceperat,
992 519 1037 577 di-

135 622 218 677 cente
238 616 371 689 Domino,
386 616 540 675 Maledicta
560 621 636 675 terra
656 616 687 674 in
707 615 832 691 operibns
853 617 921 689 tcc's,
942 616 1039 691 spicas

135 711 298 771 attrebatis
315 712 451 787 producet
471 711 533 769 tibi.
575 711 731 788 Propterea
754 729 822 785 ergo
842 710 932 786 spinis
955 730 1034 769 coro·

134 817 222 866 natur
243 806 337 880 Jesus,
362 809 398 865 ut
423 805 517 882 p1ima
543 805 596 866 illa
623 805 867 865 condemnationis
896 805 1039 865 sententia

136 902 305 962 solveretur.
345 902 395 960 Ad
426 921 539 961 crucem
565 902 692 976 ducitur,
723 910 753 960 et
782 901 814 959 in
839 901 920 976 ligno
946 901 1039 960 totius

135 996 239 1055 mnndi
261 996 324 1056 vita
346 997 539 1073 suspenditur.
581 998 635 1057 Vis
661 1001 692 1056 et
717 997 752 1055 de
779 996 835 1055 hoc
857 996 1039 1073 Propheticis

135 1090 310 1152 testimoniis
333 1091 516 1150 confirmari?
556 1092 637 1151 Audi
657 1091 813 1151 Jeremiam
836 1091 980 1150 dicentem
1003 1091 1040 1149 de

135 1187 199 1260 hoc,
222 1186 323 1260 Venite,
339 1191 366 1245 et
383 1188 539 1262 ispicicmcs
553 1188 658 1264 lipsium
676 1189 707 1247 c'n
720 1207 822 1263 pacem
835 1188 916 1263 Idus,
932 1191 959 1245 ct
978 1207 1039 1244 coc-

137 1287 258 1340 tcccmcc
279 1282 357 1340 Eum
379 1282 411 1340 dc
435 1288 511 1343 terra
533 1285 697 1343 vicentium.
740 1283 780 1341 Et
803 1282 919 1355 iterum,
945 1281 1041 1342 Moses

137 1376 245 1435 deflens
265 1395 312 1435 eos
333 1376 412 1449 dicit,
432 1379 476 1436 Et
496 1379 552 1437 crit
571 1380 631 1437 oc'tc
649 1383 698 1437 tac
718 1397 848 1452 suspensa
869 1382 933 1436 coto
954 1377 1041 1435 oculos

138 1477 207 1545 tuos,
229 1477 256 1530 et
275 1471 384 1531 timebis
401 1493 456 1549 per
476 1474 547 1531 dmm
566 1479 594 1532 et
612 1479 724 1548 noctem,
746 1479 773 1532 ct
797 1493 851 1531 con
870 1473 958 1532 medes
976 1473 1041 1531 cc'tc

138 1573 200 1627 tua.
243 1569 300 1628 Sed
325 1570 579 1628 transcurrendum
602 1569 684 1628 nobis
711 1574 762 1643 est,
784 1570 847 1648 jam
874 1569 951 1628 enim
976 1587 1041 1644 pro·

137 1663 239 1741 positae
256 1664 407 1724 brevitatis
426 1666 543 1723 modum
561 1665 735 1739 excedimus,
752 1672 782 1726 et
800 1665 964 1724 breviatum
983 1684 1041 1723 ser·

138 1779 251 1820 monem
281 1762 367 1836 longa
398 1761 598 1821 dissertatione
630 1762 839 1822 distendimus:
875 1782 967 1838 panca
996 1765 1041 1820 ta·

137 1877 205 1919 men
228 1858 374 1931 addemus,
399 1877 437 1916 ne
463 1857 580 1934 penitus
603 1859 682 1935 quod
704 1859 844 1937 coepimus
868 1857 1043 1936 praeteriisse

138 1955 297 2014 videamur.

177 2056 225 2110 23.
248 2050 392 2111 Scribitur
404 2051 490 2110 Jesns
509 2050 541 2109 in
553 2051 645 2111 latere
663 2071 816 2128 percussus
836 2071 941 2128 aquam
955 2050 1043 2110 simul

140 2149 171 2205 et
191 2147 359 2220 sanguinem
377 2148 547 2223 profudisse.
589 2148 655 2206 Hoc
675 2148 784 2225 quippe
803 2147 960 2224 mysticum
979 2151 1042 2218 est3

139 2240 201 2318 ipse
214 2242 292 2299 enim
305 2241 429 2315 dixerat,
446 2243 515 2320 quia
525 2244 650 2319 flumina
669 2244 701 2302 dc
718 2249 811 2303 eccm
824 2244 880 2318 pies
894 2243 1044 2319 procedent

140 2355 217 2415 cqccc
236 2337 311 2395 cicc.
355 2337 412 2394 Sed
432 2338 572 2413 produxit
592 2341 622 2397 et
643 2337 822 2413 sanguinem,
845 2356 932 2414 quem
951 2337 1043 2412 petie-

139 2436 210 2492 runt
223 2430 319 2492 Judaei
331 2432 429 2491 venire
444 2451 530 2508 super
543 2452 573 2490 se
586 2435 616 2491 et
629 2432 704 2490 filios
718 2452 792 2490 suos.
821 2431 964 2491 Produnit
977 2451 1045 2506 ergo

141 2546 255 2604 aquam,
276 2537 342 2603 quae
360 2527 508 2586 credentes
527 2526 636 2586 diluat:
658 2526 797 2603 produxit
815 2531 845 2586 et
864 2525 1043 2602 sanguinem,

142 2623 194 2702 qui
212 2623 383 2682 condemnet
402 2622 576 2683 incredulos.
618 2622 719 2681 Potest
733 2626 831 2680 tamen
851 2621 939 2680 etiam
957 2620 1045 2680 intel·

140 2719 195 2793 ligi
212 2717 287 2776 illud
305 2718 382 2794 quod
396 2717 541 2794 duplicem
558 2716 682 2792 gratiam
699 2716 836 2793 baptismi
853 2716 1044 2792 figuraverit3

141 2833 229 2872 unam
243 2832 308 2889 qnae
328 2814 416 2873 datur
432 2834 485 2891 per
498 2832 580 2891 aquae
599 2812 785 2890 baptismum,
801 2812 888 2870 aliam
908 2830 973 2888 quae
993 2831 1045 2888 per

141 2909 314 2987 martyrium
336 2909 501 2986 profusione
528 2908 677 2984 sanguinis
700 2907 860 2984 quaeritur,
887 2914 1044 2984 utrumque

141 3006 219 3065 enim
239 3005 415 3082 baptismum
435 3005 610 3064 nominatur.
652 3004 737 3069 Quod
757 3006 788 3062 et
807 3004 832 3062 si
852 3003 906 3062 hoc
926 3003 1042 3080 quaeris,

142 3120 194 3159 cur
215 3120 274 3159 non
297 3120 335 3158 ex
359 3100 416 3158 alio
439 3102 577 3174 membro,
603 3100 653 3158 sed
679 3120 717 3158 ex
742 3099 833 3159 latere
858 3097 955 3175 potins
978 3117 1043 3174 pro-

141 3196 260 3255 duxisse
280 3195 393 3255 dicatur
412 3215 518 3273 aquam
538 3199 569 3255 et
588 3189 765 3271 sangninem,
784 3193 902 3253 videtur
920 3192 993 3250 mihi
1011 3193 1045 3252 in

140 3293 231 3353 latere
243 3312 296 3370 per
308 3298 416 3350 costam
429 3292 534 3350 mulier
546 3290 676 3350 indicari.
719 3289 795 3356 Quia
807 3290 874 3348 fons
890 3288 1001 3366 peccati
1014 3293 1045 3349 et

140 3388 242 3449 mortis
262 3388 297 3447 de
317 3387 437 3448 madere
457 3387 558 3467 prima,
574 3406 640 3466 quae
660 3386 719 3447 fuit
738 3386 826 3464 primi
838 3385 934 3445 Adam
954 3387 1044 3456 costa,
