2356 3780
469 205 639 247 οισαυπυςῐο
658 206 780 251 Quam.
1031 184 1071 245 47-

155 420 157 426 .
176 378 249 434 θεός·
270 374 399 433 καθείδων
412 378 449 434 εἷς
460 378 491 431 τὸ
507 379 602 434 πλοῖον
614 376 717 447 ἇληθῶς
735 379 769 434 ώς
789 376 931 450 ἅνθρωπος,
945 378 986 432 καὶ
998 399 1070 450 περι-

174 479 262 529 πατῶν
274 475 317 530 ἐπὶ
329 479 380 529 τῶν
392 474 492 530 ὑδάτων
505 476 539 532 ὣς
553 476 626 531 θεός.

469 623 540 667 ΠΕΡΙ
556 622 617 666 ’1ΌῖΙ
632 620 776 666 ΣΤΑΤΡΟὙ.

217 737 264 794 10.
287 737 369 796 Οὗτος
391 737 540 809 ἐσταυρώθη
562 736 627 808 ὑπέρ
648 739 699 789 τῶν
719 739 847 808 ἁμαρτιῶν
868 732 939 804 ήμῶν
959 733 1069 802 ἀληθῶς.

176 829 229 907 Κᾷν
240 835 291 909 γὰρ
311 833 474 908 ἀρνήσασθαι
494 833 634 903 βουληθῇς,
648 834 663 886 ὁ
683 833 762 888 τόπος
783 830 886 903 ἐλέγχει
901 853 933 886 σε
946 835 1070 903 φαινόμε·

175 953 226 998 νος,
253 935 268 987 ὁ
293 933 416 1004 μακάριος
443 929 517 987 οὗτος
544 929 686 1003 Γολγοθώς,
716 930 743 984 ἐν
772 923 793 1003 ᾧ
819 926 872 994 νών,
900 928 942 982 διὰ
973 930 1018 984 τὸν
1044 930 1073 984 ἐν

174 1028 241 1103 αὐτῷ
268 1028 457 1103 σταυρωθέντα,
486 1024 721 1101 συγκεκροτήμεθα.
765 1025 818 1079 Καὶ
843 1028 890 1079 τοῦ
917 1022 998 1092 ξύλου
1024 1030 1071 1081 τοῦ

174 1129 288 1199 σταυροῦ
314 1129 388 1181 πᾶσα
413 1126 507 1182 λοιπὸν
529 1123 545 1194 ή
569 1123 702 1192 οἰκουμένη
726 1123 789 1176 κατὰ
816 1124 897 1193 μέρος
922 1120 1067 1191 ἐπληρώθη.

172 1220 340 1295 Ἐσταυρώθη
354 1224 383 1278 δέ
403 1224 452 1296 οὐχ
472 1225 536 1296 ὑπὲρ
558 1197 628 1278 ίδίων
641 1225 777 1295 ἁμαρτιῶν,
791 1217 852 1276 ἀλλ’
867 1217 908 1275 ἵνα
927 1219 998 1289 ήμεῖς
1017 1227 1068 1277 τῶν

173 1318 274 1375 οἰκείων
286 1325 414 1392 ἁμαρτιῶν
432 1319 655 1394 έλευθερωθῶμεν.
696 1322 746 1374 Καὶ
762 1314 939 1390 κατεφρονήθη
953 1316 1001 1386 μέν
1017 1317 1067 1373 ὑπὸ

173 1423 224 1472 τῶν
236 1417 377 1491 ἀνθρώπων
389 1421 448 1474 τότε
461 1421 502 1474 καὶ
516 1417 658 1490 έρραπίσθη
673 1418 707 1474 ὣς
725 1415 867 1488 ἅνθρωπος,
883 1411 1026 1487 ἐγνωρίσθη
1040 1414 1068 1468 δέ

173 1515 288 1584 ὑπὸτῆς
308 1516 415 1574 κτίσεως
435 1515 469 1573 ώς
488 1517 561 1571 θεός·
589 1515 674 1588 ὁγὰρ
696 1514 778 1585 η’λιος,
797 1513 928 1580 δεσπότην
948 1510 1067 1580 ἀτιμαζό-

171 1634 248 1681 μενον
261 1613 330 1682 ἰδών,
345 1614 514 1683 ἐξελίμπανεν
525 1610 633 1683 τρέμων,
649 1612 679 1665 οὗ
692 1610 781 1681 φέρων
794 1608 840 1677 τήν
853 1607 921 1663 θέαν.

478 1783 549 1828 ΠΕΡΙ
565 1783 627 1830 ΤΗΣ
643 1782 753 1830 muz.

212 1896 256 1951 11.
276 1895 322 1953 Ἐν
333 1895 443 1967 μνήματι
461 1897 556 1970 πέτρας
577 1895 650 1966 ἐτέθη
670 1896 773 1966 ἀληθῶς
791 1896 824 1953 ώς
837 1895 977 1969 ἅνθρωπος·
998 1899 1068 1955 ἀλλὰ

169 1992 261 2066 πέτραι
282 1994 455 2067 διερράγησαν
475 1995 511 2067 τῷ
535 1995 614 2068 φόβῳ
636 1989 670 2048 δι’
693 1993 780 2048 αὐτόν.
822 1993 955 2065 Κατήλθεν
977 1993 1013 2052 είς
1035 1997 1068 2050 τὰ

171 2090 332 2162 καταχθόνια,
345 2088 387 2146 ’ίνα
400 2089 515 2162 κᾴκεῖθεν
532 2092 697 2163 λυτρώσηται
710 2089 770 2145 τοὺς
783 2089 903 2149 δικαίους·
936 2088 1068 2158 Ἐβοώλου

169 2188 227 2259 γὰρ,
249 2188 306 2244 εἶπέ
323 2209 377 2258 μοι,
396 2187 456 2243 τοὺς
475 2187 522 2257 μέν
540 2187 634 2252 ζῶντας
654 2186 804 2241 ἀπολαῦσαι
827 2188 872 2255 τῆς
894 2188 1008 2259 χάριτος,
1027 2190 1068 2242 καί

169 2291 256 2350 ταῦτα,
275 2291 327 2341 τῶν
346 2285 480 2342 πλείστων
500 2284 549 2354 οὐχ
571 2285 651 2339 ὁσίων
674 2282 762 2350 ὄντων,
783 2283 842 2339 τοὺς
863 2284 892 2337 δέ
912 2284 962 2339 ἆπδ
983 2284 1067 2354 ’Δδὰμ

168 2384 347 2459 πολυχρονίου
360 2378 607 2448 ἆποκεκλεισμένους
626 2379 661 2449 μή
682 2382 770 2450 τυχεῖν
777 2382 828 2448 τῆς
848 2379 996 2452 ἐλευθερίας
1008 2382 1065 2434 λοι-

167 2486 233 2544 πόνι
252 2474 394 2536 Ἠσαίαςὸ
412 2474 548 2548 προφήτης
566 2479 680 2531 τοσαῦτα
696 2475 756 2546 περὶ
776 2475 853 2530 αὐτοῦ
873 2478 1066 2549 μιγαλοφώνως

169 2577 298 2650 ἐκήρυξεν·
319 2577 365 2631 οὔκ
385 2574 478 2646 ήθελες
497 2571 538 2628 ίνα
552 2572 680 2629 Βασιλεὺς
696 2571 827 2627 κατελθὼν
844 2575 1009 2644 λυτρώσηται
1021 2574 1067 2627 τδν

170 2673 264 2747 κήρυκα
272 2699 280 2738 5
302 2675 386 2741 Δοβὶδ
399 2671 430 2742 ἦν
444 2673 503 2736 ἐκεῖ,
519 2673 560 2726 καὶ
575 2669 705 2739 Σαμουὴλ,
720 2669 760 2723 καὶ
773 2671 866 2726 πάντες
880 2671 905 2724 οί
922 2670 1064 2741 προφήται,

170 2771 211 2824 καὶ
228 2771 304 2826 αιἰτδς
324 2767 442 2836 Ἰωάννης
462 2771 476 2822 ὁ
496 2767 581 2841 λέγων
602 2768 643 2821 διὰ
663 2771 714 2819 τῶν
733 2765 941 2828 ἀποσταλέντων,
960 2764 1022 2819 “Σὺ
1043 2761 1070 2820 εί

117 2926 120 2935 Ι
170 2867 185 2918 ὁ
199 2865 345 2936 ἐρχόμενος,
358 2864 373 2934 ή
388 2864 474 2936 ἕτερον
487 2863 672 2935 προσδοκῶμεν
680 2856 709 2923 ,·”
730 2862 776 2914 οὐκ
793 2859 884 2929 ἤθελες
897 2858 938 2915 ίνα
952 2861 1065 2926 καταβὰς

167 2963 332 3034 λυτρώσηται
346 2960 405 3017 τοὺς
417 2957 566 3023 τοιοίιτουςς

425 3134 496 3177 ΠΕΡΙ
513 3132 574 3179 ΤΗΣ
591 3128 803 3177 ΑΝΑΣΤΑΣΕΩΣ.

210 3249 254 3304 12.
277 3244 352 3303 Ἀλλ’
367 3247 381 3298 ὀ
395 3248 507 3313 καταβὰς
520 3249 557 3304 είς
574 3249 607 3302 τὰ
625 3244 780 3317 καταχθόνια
796 3248 876 3302 πάλιν
894 3243 1001 3315 ἀνῆλθε,
1022 3245 1064 3299 καὶ

165 3350 180 3402 ὅ
199 3348 292 3418 ταφεὶς
311 3343 414 3415 Ἰησοῦς
433 3345 513 3400 πάλιν
534 3343 628 3413 ἀνέστη
646 3347 676 3400 τὸ
692 3342 829 3416 τριήμερον
852 3342 964 3414 ἀληθῶς·
1008 3337 1063 3410 Κήν
