2356 3780
556 225 610 282 101

410 497 757 556 COMMENTARIUS

571 630 604 670 ns

261 733 519 797 SYMBOLUM
536 734 906 797 ΔΑΡΟΒΤΟΙιΟΙιῙῙΜε

312 876 487 926 ΤΥΒΑΝΝῙΟ
502 877 630 926 RUFINO
644 877 858 936 AQUILEIENSI

390 969 602 1019 PRESBYTERO
616 970 777 1021 AUCTORE.
863 995 864 1000 =

512 1095 664 1122 -μ-

178 1191 204 1248 1.
227 1189 310 1248 Mun
330 1189 457 1269 quidem,
470 1187 638 1248 fidelissime
651 1189 731 1266 Papa
744 1186 893 1256 Laurenti,
908 1187 945 1247 ad
964 1186 1033 1248 scri-

135 1285 263 1345 bendum
283 1284 398 1344 animus
417 1289 478 1345 tam
497 1304 557 1343 non
576 1287 621 1344 est
640 1282 772 1359 cupidus,
793 1302 881 1360 quam
900 1303 953 1344 nec
972 1284 1034 1344 ido·
1074 1308 1077 1313 ·

135 1406 219 1457 neus,
233 1387 337 1448 scienti
354 1409 413 1448 non
427 1408 489 1449 esse
509 1389 618 1465 absque
630 1387 758 1465 periculo
778 1386 938 1447 multorum
952 1388 1035 1466 judi·

135 1483 188 1543 ciis
209 1481 360 1560 ingenium
382 1487 472 1545 tenua
495 1489 527 1545 et
549 1484 627 1544 exile
653 1484 841 1545 committere.
883 1483 941 1544 Sed
964 1504 1035 1564 quo·

120 1605 122 1607 ·
136 1578 225 1654 niam,
238 1584 274 1639 ut
291 1599 357 1640 cum
370 1579 456 1640 venia
469 1580 515 1641 tui
528 1579 664 1655 dixerim,
678 1586 786 1640 temere
804 1579 836 1641 in
849 1580 1037 1658 epistolatus

134 1697 187 1756 per
201 1680 310 1740 Christi
328 1700 374 1740 me
394 1685 581 1754 sacramenta,
597 1699 662 1758 quae
683 1700 701 1740 a
720 1680 803 1740 nobis
822 1680 950 1741 maxima
970 1701 1037 1741 cum

134 1775 297 1836 reverentia
320 1776 528 1856 suscipiuntur,
554 1775 700 1854 astringis,
725 1781 761 1837 ut
784 1777 897 1856 aliquid
920 1776 977 1838 tibi
1000 1778 1036 1838 de

135 1870 201 1947 fide,
215 1874 374 1932 secundum
388 1873 520 1952 Symboli
537 1873 723 1941 traditionem
742 1873 943 1953 rationemque
962 1893 1037 1933 com-

135 1986 250 2043 ponam,
272 1969 404 2045 quamvis
428 1988 515 2046 supra
534 1968 611 2029 vires
633 1977 745 2029 nostras
770 1970 809 2029 sit
831 1971 943 2046 pondus
962 1986 1036 2046 proe·

136 2061 223 2141 cepti,
249 2063 322 2141 (non
345 2063 424 2124 enim
446 2084 493 2124 me
516 2065 590 2124 latet
611 2064 665 2125 illa
692 2064 836 2126 sententia
860 2064 1034 2141 sapientum,

137 2176 203 2237 quae
223 2161 311 2235 probe
331 2159 486 2219 admodum
507 2161 588 2232 dicit,
603 2161 672 2240 quia
695 2163 759 2221 “de
778 2162 841 2221 Deo
861 2162 950 2220 etiam
969 2179 1038 2220 vera

136 2253 232 2312 dicere
251 2253 446 2331 periculosum
465 2257 553 2335 est,”)
568 2261 667 2316 tamen
685 2256 710 2316 si
726 2256 875 2336 petitionis
894 2276 912 2315 a
930 2260 961 2316 te
981 2255 1036 2314 im·
1104 2326 1106 2331 .

136 2349 238 2427 positae
264 2349 464 2410 necessitatem
490 2351 668 2412 orationibus
687 2354 784 2431 juves,
809 2352 904 2411 dicere
927 2351 1035 2428 aliqua,

136 2444 307 2506 obedientiae
321 2445 413 2520 magis
425 2445 589 2506 reverentia
603 2466 689 2525 quam
704 2447 815 2522 ingenii
827 2446 1034 2524 presumtiona,

135 2541 321 2602 tentabimus.
365 2542 438 2608 Quae
460 2543 578 2620 quidem
600 2563 658 2602 non
680 2547 742 2603 tam
767 2542 961 2620 perfectorum
986 2563 1037 2602 ex·

135 2638 245 2697 eroitiis
263 2637 351 2713 digna
364 2637 528 2714 videantur,
545 2659 633 2718 quam
654 2658 720 2716 quae
741 2640 778 2697 ad
797 2638 986 2715 parvulorum
1005 2638 1038 2697 in

137 2734 250 2796 Christo
264 2739 294 2794 et
307 2734 509 2813 incipientium
522 2737 667 2797 librentur
681 2736 823 2796 auditum,

177 2830 323 2907 Equidem
343 2831 470 2910 comperi
489 2834 644 2894 nonnullos
667 2832 829 2892 illustrium
847 2834 1038 2892 tractatorum

136 2925 289 3002 aliquado
308 2925 355 2985 bis
375 2927 422 3003 pie
443 2934 473 2988 et
492 2929 619 2988 breviter
632 2929 770 3000 edidisse;
792 2926 951 2986 Photinum
969 2945 1037 2986 vero

136 3020 306 3080 haereticum
324 3021 382 3081 scio
400 3028 519 3083 eatenus
540 3023 750 3102 conscripsisse,
769 3044 828 3083 non
844 3028 880 3085 ιιι
896 3021 1038 3091 rationem

136 3117 279 3177 dictorum
307 3117 493 3179 audientibus
520 3120 701 3200 explanaret,
729 3121 780 3179 sed
806 3123 841 3180 ut
869 3118 1038 3194 simpliciter

137 3213 319 3290 fideliterque
343 3213 422 3273 dicto
447 3215 484 3274 ad
510 3209 715 3293 argumentum
739 3217 785 3277 sui
811 3214 954 3291 dogmatis
978 3219 1045 3274 tra·

135 3311 237 3382 heret;
259 3329 326 3369 cum
345 3310 377 3368 in
396 3309 443 3370 his
462 3313 558 3372 verbis
577 3313 700 3373 Sanctus
722 3313 847 3390 Spiritus
867 3310 1035 3389 providerit,

134 3404 179 3464 nil
198 3403 376 3482 ambiguum,
398 3404 443 3464 nil
464 3407 626 3480 obscurum,
645 3408 690 3467 nil
709 3428 727 3468 a
746 3407 875 3486 reliquis
892 3405 1054 3463 onosma
