<?xml version="1.0" encoding="UTF-8"?>
<!DOCTYPE html PUBLIC "-//W3C//DTD XHTML 1.0 Transitional//EN"
    "http://www.w3.org/TR/xhtml1/DTD/xhtml1-transitional.dtd">
<html xmlns="http://www.w3.org/1999/xhtml" xml:lang="en" lang="en">
 <head>
  <title>
</title>
<meta http-equiv="Content-Type" content="text/html;charset=utf-8" />
  <meta name='ocr-system' content='tesseract 3.04.00' />
  <meta name='ocr-capabilities' content='ocr_page ocr_carea ocr_par ocr_line ocrx_word'/>
</head>
<body>
  <div class='ocr_page' id='page_1' title='image "./defideetsymbolo00heurgoog_0127.png"; bbox 0 0 2356 3780; ppageno 0'>
   <div class='ocr_carea' id='block_1_1' title="bbox 179 195 814 263">
    <p class='ocr_par' dir='ltr' id='par_1_1' title="bbox 179 195 814 263">
     <span class='ocr_line' id='line_1_1' title="bbox 179 195 814 263; baseline 0 -1"><span class='ocrx_word' id='word_1_1' title='bbox 179 204 236 262; x_wconf 85' lang='lat'>114</span> <span class='ocrx_word' id='word_1_2' title='bbox 453 220 559 262; x_wconf 79' lang='lat' dir='ltr'>surm</span> <span class='ocrx_word' id='word_1_3' title='bbox 577 195 814 263; x_wconf 67' lang='lat' dir='ltr'>conmissurus</span> 
     </span>
    </p>
   </div>
   <div class='ocr_carea' id='block_1_2' title="bbox 172 399 1079 2005">
    <p class='ocr_par' dir='ltr' id='par_1_2' title="bbox 175 399 1078 1148">
     <span class='ocr_line' id='line_1_2' title="bbox 176 399 1075 475; baseline 0 -17"><span class='ocrx_word' id='word_1_4' title='bbox 176 400 267 458; x_wconf 77' lang='lat' dir='ltr'>minus</span> <span class='ocrx_word' id='word_1_5' title='bbox 292 401 369 459; x_wconf 77' lang='lat' dir='ltr'>Deus</span> <span class='ocrx_word' id='word_1_6' title='bbox 394 399 488 459; x_wconf 77' lang='lat' dir='ltr'>Israel</span> <span class='ocrx_word' id='word_1_7' title='bbox 513 399 646 460; x_wconf 61' lang='lat' dir='ltr'>marulii</span> <span class='ocrx_word' id='word_1_8' title='bbox 664 420 720 475; x_wconf 78' lang='lat' dir='ltr'>per</span> <span class='ocrx_word' id='word_1_9' title='bbox 746 421 812 473; x_wconf 83' lang='lat' dir='ltr'>eam,</span> <span class='ocrx_word' id='word_1_10' title='bbox 841 404 869 458; x_wconf 80' lang='lat' dir='ltr'>et</span> <span class='ocrx_word' id='word_1_11' title='bbox 894 399 986 458; x_wconf 75' lang='lat' dir='ltr'>alama</span> <span class='ocrx_word' id='word_1_12' title='bbox 1012 399 1075 458; x_wconf 80' lang='lat' dir='ltr'>orit.</span> 
     </span>
     <span class='ocr_line' id='line_1_3' title="bbox 177 494 1076 572; baseline -0.006 -13"><span class='ocrx_word' id='word_1_13' title='bbox 177 495 336 561; x_wconf 72' lang='lat' dir='ltr'>Quidem</span> <span class='ocrx_word' id='word_1_14' title='bbox 356 495 473 555; x_wconf 86' lang='lat' dir='ltr'>evidens</span> <span class='ocrx_word' id='word_1_15' title='bbox 493 495 529 553; x_wconf 94' lang='lat' dir='ltr'>de</span> <span class='ocrx_word' id='word_1_16' title='bbox 549 496 762 556; x_wconf 80' lang='lat' dir='ltr'>conservatione</span> <span class='ocrx_word' id='word_1_17' title='bbox 776 494 906 570; x_wconf 82' lang='lat' dir='ltr'>Virginis</span> <span class='ocrx_word' id='word_1_18' title='bbox 919 494 977 553; x_wconf 86' lang='lat' dir='ltr'>diei</span> <span class='ocrx_word' id='word_1_19' title='bbox 996 498 1076 572; x_wconf 87' lang='lat' dir='ltr'>pote·</span> 
     </span>
     <span class='ocr_line' id='line_1_4' title="bbox 175 589 1075 668; baseline -0.002 -19"><span class='ocrx_word' id='word_1_20' title='bbox 175 589 244 650; x_wconf 85' lang='lat' dir='ltr'>rat?</span> <span class='ocrx_word' id='word_1_21' title='bbox 285 590 390 650; x_wconf 77' lang='lat' dir='ltr'>Clausa</span> <span class='ocrx_word' id='word_1_22' title='bbox 408 591 467 650; x_wconf 87' lang='lat' dir='ltr'>fuit</span> <span class='ocrx_word' id='word_1_23' title='bbox 486 610 520 649; x_wconf 91' lang='lat' dir='ltr'>ea</span> <span class='ocrx_word' id='word_1_24' title='bbox 531 591 709 666; x_wconf 81' lang='lat' dir='ltr'>virginitatis</span> <span class='ocrx_word' id='word_1_25' title='bbox 727 595 827 668; x_wconf 84' lang='lat' dir='ltr'>porta:</span> <span class='ocrx_word' id='word_1_26' title='bbox 849 611 901 668; x_wconf 90' lang='lat' dir='ltr'>per</span> <span class='ocrx_word' id='word_1_27' title='bbox 919 590 1011 667; x_wconf 89' lang='lat' dir='ltr'>ipsam</span> <span class='ocrx_word' id='word_1_28' title='bbox 1030 590 1075 648; x_wconf 91' lang='lat' dir='ltr'>in-</span> 
     </span>
     <span class='ocr_line' id='line_1_5' title="bbox 175 686 1076 764; baseline -0.002 -18"><span class='ocrx_word' id='word_1_29' title='bbox 175 687 266 746; x_wconf 83' lang='lat' dir='ltr'>travit</span> <span class='ocrx_word' id='word_1_30' title='bbox 284 687 426 746; x_wconf 81' lang='lat' dir='ltr'>Dominus</span> <span class='ocrx_word' id='word_1_31' title='bbox 438 686 519 745; x_wconf 90' lang='lat' dir='ltr'>Deus</span> <span class='ocrx_word' id='word_1_32' title='bbox 538 687 648 760; x_wconf 89' lang='lat' dir='ltr'>Israsl;</span> <span class='ocrx_word' id='word_1_33' title='bbox 668 706 721 763; x_wconf 92' lang='lat' dir='ltr'>per</span> <span class='ocrx_word' id='word_1_34' title='bbox 733 687 824 764; x_wconf 93' lang='lat' dir='ltr'>ipsam</span> <span class='ocrx_word' id='word_1_35' title='bbox 843 687 875 744; x_wconf 93' lang='lat' dir='ltr'>in</span> <span class='ocrx_word' id='word_1_36' title='bbox 893 687 972 744; x_wconf 88' lang='lat' dir='ltr'>hune</span> <span class='ocrx_word' id='word_1_37' title='bbox 991 705 1076 744; x_wconf 91' lang='lat' dir='ltr'>mun·</span> 
     </span>
     <span class='ocr_line' id='line_1_6' title="bbox 177 780 1077 858; baseline 0 -18"><span class='ocrx_word' id='word_1_38' title='bbox 177 781 248 840; x_wconf 93' lang='lat' dir='ltr'>dum</span> <span class='ocrx_word' id='word_1_39' title='bbox 267 784 302 841; x_wconf 90' lang='lat' dir='ltr'>de</span> <span class='ocrx_word' id='word_1_40' title='bbox 322 787 405 842; x_wconf 82' lang='lat' dir='ltr'>uteru</span> <span class='ocrx_word' id='word_1_41' title='bbox 418 781 547 856; x_wconf 84' lang='lat' dir='ltr'>Virginis</span> <span class='ocrx_word' id='word_1_42' title='bbox 566 780 721 858; x_wconf 82' lang='lat' dir='ltr'>prooessit3</span> <span class='ocrx_word' id='word_1_43' title='bbox 742 782 821 842; x_wconf 92' lang='lat' dir='ltr'>etin</span> <span class='ocrx_word' id='word_1_44' title='bbox 834 785 974 841; x_wconf 79' lang='lat' dir='ltr'>aeternum</span> <span class='ocrx_word' id='word_1_45' title='bbox 993 785 1077 856; x_wconf 89' lang='lat' dir='ltr'>porta</span> 
     </span>
     <span class='ocr_line' id='line_1_7' title="bbox 175 876 1078 955; baseline -0.001 -19"><span class='ocrx_word' id='word_1_46' title='bbox 175 876 305 953; x_wconf 79' lang='lat' dir='ltr'>Virginis</span> <span class='ocrx_word' id='word_1_47' title='bbox 322 879 427 951; x_wconf 85' lang='lat' dir='ltr'>clausa,</span> <span class='ocrx_word' id='word_1_48' title='bbox 448 880 560 936; x_wconf 89' lang='lat' dir='ltr'>servata</span> <span class='ocrx_word' id='word_1_49' title='bbox 577 876 755 951; x_wconf 84' lang='lat' dir='ltr'>virginitate,</span> <span class='ocrx_word' id='word_1_50' title='bbox 773 877 937 955; x_wconf 84' lang='lat' dir='ltr'>permansit.</span> <span class='ocrx_word' id='word_1_51' title='bbox 981 876 1078 951; x_wconf 79' lang='lat' dir='ltr'>Igitur</span> 
     </span>
     <span class='ocr_line' id='line_1_8' title="bbox 175 961 1078 1050; baseline -0.002 -18"><span class='ocrx_word' id='word_1_52' title='bbox 175 972 298 1033; x_wconf 86' lang='lat' dir='ltr'>Sanetus</span> <span class='ocrx_word' id='word_1_53' title='bbox 322 961 448 1050; x_wconf 74' lang='lat' dir='ltr'>Spiritus</span> <span class='ocrx_word' id='word_1_54' title='bbox 468 973 592 1032; x_wconf 82' lang='lat' dir='ltr'>retertur</span> <span class='ocrx_word' id='word_1_55' title='bbox 614 972 776 1033; x_wconf 81' lang='lat' dir='ltr'>Dominioae</span> <span class='ocrx_word' id='word_1_56' title='bbox 803 972 896 1032; x_wconf 88' lang='lat' dir='ltr'>earnis</span> <span class='ocrx_word' id='word_1_57' title='bbox 922 977 952 1032; x_wconf 90' lang='lat' dir='ltr'>et</span> <span class='ocrx_word' id='word_1_58' title='bbox 973 971 1078 1050; x_wconf 88' lang='lat' dir='ltr'>templi</span> 
     </span>
     <span class='ocr_line' id='line_1_9' title="bbox 175 1069 370 1148; baseline 0 -19"><span class='ocrx_word' id='word_1_59' title='bbox 175 1069 239 1147; x_wconf 88' lang='lat' dir='ltr'>ejus</span> <span class='ocrx_word' id='word_1_60' title='bbox 252 1073 370 1148; x_wconf 80' lang='lat' dir='ltr'>creator.</span> 
     </span>
    </p>

    <p class='ocr_par' dir='ltr' id='par_1_3' title="bbox 172 1163 1079 2005">
     <span class='ocr_line' id='line_1_10' title="bbox 218 1163 1077 1244; baseline 0.002 -21"><span class='ocrx_word' id='word_1_61' title='bbox 218 1169 264 1224; x_wconf 87' lang='lat'>10.</span> <span class='ocrx_word' id='word_1_62' title='bbox 286 1165 388 1242; x_wconf 81' lang='lat' dir='ltr'>Incipe</span> <span class='ocrx_word' id='word_1_63' title='bbox 398 1165 460 1242; x_wconf 89' lang='lat' dir='ltr'>jam</span> <span class='ocrx_word' id='word_1_64' title='bbox 471 1163 541 1223; x_wconf 87' lang='lat' dir='ltr'>hine</span> <span class='ocrx_word' id='word_1_65' title='bbox 558 1164 722 1241; x_wconf 88' lang='lat' dir='ltr'>intelligere</span> <span class='ocrx_word' id='word_1_66' title='bbox 736 1164 823 1225; x_wconf 88' lang='lat' dir='ltr'>etiam</span> <span class='ocrx_word' id='word_1_67' title='bbox 837 1166 964 1244; x_wconf 82' lang='lat' dir='ltr'>Spiritus</span> <span class='ocrx_word' id='word_1_68' title='bbox 978 1165 1077 1226; x_wconf 81' lang='lat' dir='ltr'>Sancti</span> 
     </span>
     <span class='ocr_line' id='line_1_11' title="bbox 174 1263 1076 1340; baseline 0 -18"><span class='ocrx_word' id='word_1_69' title='bbox 174 1263 362 1340; x_wconf 89' lang='lat' dir='ltr'>majestatem.</span> <span class='ocrx_word' id='word_1_70' title='bbox 398 1263 583 1322; x_wconf 77' lang='lat' dir='ltr'>contestatur</span> <span class='ocrx_word' id='word_1_71' title='bbox 596 1263 717 1322; x_wconf 90' lang='lat' dir='ltr'>enimet</span> <span class='ocrx_word' id='word_1_72' title='bbox 730 1263 922 1340; x_wconf 86' lang='lat' dir='ltr'>Evangelious</span> <span class='ocrx_word' id='word_1_73' title='bbox 935 1284 1026 1323; x_wconf 88' lang='lat' dir='ltr'>sermo</span> <span class='ocrx_word' id='word_1_74' title='bbox 1040 1264 1076 1322; x_wconf 92' lang='lat' dir='ltr'>de</span> 
     </span>
     <span class='ocr_line' id='line_1_12' title="bbox 175 1356 1074 1434; baseline 0.001 -18"><span class='ocrx_word' id='word_1_75' title='bbox 175 1357 251 1433; x_wconf 86' lang='lat' dir='ltr'>lpso,</span> <span class='ocrx_word' id='word_1_76' title='bbox 267 1358 344 1434; x_wconf 91' lang='lat' dir='ltr'>quod</span> <span class='ocrx_word' id='word_1_77' title='bbox 357 1377 424 1415; x_wconf 89' lang='lat' dir='ltr'>oum</span> <span class='ocrx_word' id='word_1_78' title='bbox 437 1356 568 1434; x_wconf 82' lang='lat' dir='ltr'>loquenti</span> <span class='ocrx_word' id='word_1_79' title='bbox 585 1358 687 1432; x_wconf 88' lang='lat' dir='ltr'>angelo</span> <span class='ocrx_word' id='word_1_80' title='bbox 701 1359 738 1416; x_wconf 92' lang='lat' dir='ltr'>ad</span> <span class='ocrx_word' id='word_1_81' title='bbox 750 1358 901 1434; x_wconf 84' lang='lat' dir='ltr'>Virginem</span> <span class='ocrx_word' id='word_1_82' title='bbox 914 1362 945 1417; x_wconf 90' lang='lat' dir='ltr'>et</span> <span class='ocrx_word' id='word_1_83' title='bbox 957 1357 1074 1431; x_wconf 85' lang='lat' dir='ltr'>dicenti,</span> 
     </span>
     <span class='ocr_line' id='line_1_13' title="bbox 178 1450 1078 1530; baseline 0.003 -21"><span class='ocrx_word' id='word_1_84' title='bbox 178 1451 252 1520; x_wconf 69' lang='lat' dir='ltr'>oeta</span> <span class='ocrx_word' id='word_1_85' title='bbox 272 1453 371 1528; x_wconf 78' lang='lat' dir='ltr'>parier</span> <span class='ocrx_word' id='word_1_86' title='bbox 385 1450 492 1529; x_wconf 79' lang='lat' dir='ltr'>filiam,</span> <span class='ocrx_word' id='word_1_87' title='bbox 518 1457 545 1510; x_wconf 79' lang='lat' dir='ltr'>et</span> <span class='ocrx_word' id='word_1_88' title='bbox 566 1452 671 1512; x_wconf 78' lang='lat' dir='ltr'>vorabis</span> <span class='ocrx_word' id='word_1_89' title='bbox 694 1473 788 1512; x_wconf 76' lang='lat' dir='ltr'>nomm</span> <span class='ocrx_word' id='word_1_90' title='bbox 810 1455 866 1530; x_wconf 67' lang='lat' dir='ltr'>gira</span> <span class='ocrx_word' id='word_1_91' title='bbox 888 1454 991 1526; x_wconf 65' lang='lat' dir='ltr'>dieram,</span> <span class='ocrx_word' id='word_1_92' title='bbox 1017 1454 1078 1512; x_wconf 82' lang='lat' dir='ltr'>Hie</span> 
     </span>
     <span class='ocr_line' id='line_1_14' title="bbox 174 1547 1078 1625; baseline 0.001 -20"><span class='ocrx_word' id='word_1_93' title='bbox 174 1547 248 1605; x_wconf 82' lang='lat' dir='ltr'>enim</span> <span class='ocrx_word' id='word_1_94' title='bbox 271 1548 375 1606; x_wconf 69' lang='lat' dir='ltr'>salom</span> <span class='ocrx_word' id='word_1_95' title='bbox 389 1548 480 1624; x_wconf 76' lang='lat' dir='ltr'>faeiat</span> <span class='ocrx_word' id='word_1_96' title='bbox 497 1548 634 1623; x_wconf 69' lang='lat' dir='ltr'>proprietam</span> <span class='ocrx_word' id='word_1_97' title='bbox 655 1568 734 1608; x_wconf 79' lang='lat' dir='ltr'>suam</span> <span class='ocrx_word' id='word_1_98' title='bbox 755 1569 772 1607; x_wconf 84' lang='lat' dir='ltr'>a</span> <span class='ocrx_word' id='word_1_99' title='bbox 789 1549 911 1625; x_wconf 78' lang='lat' dir='ltr'>pereatis</span> <span class='ocrx_word' id='word_1_100' title='bbox 933 1549 1000 1622; x_wconf 67' lang='lat' dir='ltr'>ruit,</span> <span class='ocrx_word' id='word_1_101' title='bbox 1025 1548 1078 1607; x_wconf 91' lang='lat' dir='ltr'>illa</span> 
     </span>
     <span class='ocr_line' id='line_1_15' title="bbox 173 1642 1079 1722; baseline 0.003 -20"><span class='ocrx_word' id='word_1_102' title='bbox 173 1642 374 1719; x_wconf 85' lang='lat' dir='ltr'>respondisset,</span> <span class='ocrx_word' id='word_1_103' title='bbox 408 1644 542 1712; x_wconf 77' lang='lat' dir='ltr'>Quomodo</span> <span class='ocrx_word' id='word_1_104' title='bbox 557 1645 613 1721; x_wconf 80' lang='lat' dir='ltr'>flet</span> <span class='ocrx_word' id='word_1_105' title='bbox 643 1645 728 1718; x_wconf 82' lang='lat' dir='ltr'>istud,</span> <span class='ocrx_word' id='word_1_106' title='bbox 753 1646 882 1722; x_wconf 80' lang='lat' dir='ltr'>quoniam</span> <span class='ocrx_word' id='word_1_107' title='bbox 907 1645 998 1704; x_wconf 71' lang='lat' dir='ltr'>virum</span> <span class='ocrx_word' id='word_1_108' title='bbox 1024 1665 1079 1705; x_wconf 76' lang='lat' dir='ltr'>noir</span> 
     </span>
     <span class='ocr_line' id='line_1_16' title="bbox 173 1739 1079 1816; baseline 0.004 -19"><span class='ocrx_word' id='word_1_109' title='bbox 173 1741 322 1816; x_wconf 64' lang='lat' dir='ltr'>cognosco?</span> <span class='ocrx_word' id='word_1_110' title='bbox 360 1739 401 1799; x_wconf 85' lang='lat' dir='ltr'>Et</span> <span class='ocrx_word' id='word_1_111' title='bbox 420 1739 529 1799; x_wconf 84' lang='lat' dir='ltr'>dixerit</span> <span class='ocrx_word' id='word_1_112' title='bbox 549 1740 670 1815; x_wconf 85' lang='lat' dir='ltr'>angelus</span> <span class='ocrx_word' id='word_1_113' title='bbox 690 1740 726 1815; x_wconf 88' lang='lat' dir='ltr'>ei,</span> <span class='ocrx_word' id='word_1_114' title='bbox 745 1742 874 1816; x_wconf 74' lang='lat' dir='ltr'>Spiritus</span> <span class='ocrx_word' id='word_1_115' title='bbox 897 1741 1016 1800; x_wconf 77' lang='lat' dir='ltr'>Sanetus</span> <span class='ocrx_word' id='word_1_116' title='bbox 1035 1762 1079 1801; x_wconf 84' lang='lat' dir='ltr'>oe·</span> 
     </span>
     <span class='ocr_line' id='line_1_17' title="bbox 172 1834 1079 1908; baseline 0.004 -16"><span class='ocrx_word' id='word_1_117' title='bbox 172 1834 233 1892; x_wconf 80' lang='lat' dir='ltr'>niet</span> <span class='ocrx_word' id='word_1_118' title='bbox 246 1853 328 1908; x_wconf 64' lang='lat' dir='ltr'>saper</span> <span class='ocrx_word' id='word_1_119' title='bbox 341 1838 375 1907; x_wconf 81' lang='lat' dir='ltr'>te,</span> <span class='ocrx_word' id='word_1_120' title='bbox 392 1838 419 1892; x_wconf 82' lang='lat' dir='ltr'>et</span> <span class='ocrx_word' id='word_1_121' title='bbox 431 1836 525 1896; x_wconf 82' lang='lat' dir='ltr'>virtus</span> <span class='ocrx_word' id='word_1_122' title='bbox 538 1835 673 1895; x_wconf 81' lang='lat' dir='ltr'>aiti&#39;aaimi</span> <span class='ocrx_word' id='word_1_123' title='bbox 684 1835 853 1896; x_wconf 73' lang='lat' dir='ltr'>obumbrabit</span> <span class='ocrx_word' id='word_1_124' title='bbox 867 1837 928 1896; x_wconf 70' lang='lat' dir='ltr'>tot.</span> <span class='ocrx_word' id='word_1_125' title='bbox 964 1838 1007 1895; x_wconf 83' lang='lat' dir='ltr'>Et</span> <span class='ocrx_word' id='word_1_126' title='bbox 1020 1838 1079 1896; x_wconf 78' lang='lat' dir='ltr'>ideo</span> 
     </span>
     <span class='ocr_line' id='line_1_18' title="bbox 173 1929 1078 2005; baseline 0.004 -19"><span class='ocrx_word' id='word_1_127' title='bbox 173 1929 247 2005; x_wconf 83' lang='lat' dir='ltr'>quod</span> <span class='ocrx_word' id='word_1_128' title='bbox 258 1933 384 1988; x_wconf 69' lang='lat' dir='ltr'>assetur</span> <span class='ocrx_word' id='word_1_129' title='bbox 397 1949 430 1987; x_wconf 75' lang='lat' dir='ltr'>oe</span> <span class='ocrx_word' id='word_1_130' title='bbox 450 1934 476 1988; x_wconf 82' lang='lat' dir='ltr'>te</span> <span class='ocrx_word' id='word_1_131' title='bbox 489 1934 614 1990; x_wconf 80' lang='lat' dir='ltr'>sanetum</span> <span class='ocrx_word' id='word_1_132' title='bbox 634 1931 775 1990; x_wconf 74' lang='lat' dir='ltr'>vocaliter</span> <span class='ocrx_word' id='word_1_133' title='bbox 788 1931 882 1990; x_wconf 67' lang='lat' dir='ltr'>stilus</span> <span class='ocrx_word' id='word_1_134' title='bbox 895 1932 960 1991; x_wconf 83' lang='lat' dir='ltr'>Dei.</span> <span class='ocrx_word' id='word_1_135' title='bbox 1002 1932 1078 1991; x_wconf 89' lang='lat' dir='ltr'>Vide</span> 
     </span>
    </p>
   </div>
   <div class='ocr_carea' id='block_1_3' title="bbox 172 2022 1078 2393">
    <p class='ocr_par' dir='ltr' id='par_1_4' title="bbox 172 2022 1078 2393">
     <span class='ocr_line' id='line_1_19' title="bbox 174 2022 1078 2105; baseline 0.004 -23"><span class='ocrx_word' id='word_1_136' title='bbox 174 2042 242 2099; x_wconf 87' lang='lat' dir='ltr'>ergo</span> <span class='ocrx_word' id='word_1_137' title='bbox 269 2028 467 2100; x_wconf 84' lang='lat' dir='ltr'>cooperantem</span> <span class='ocrx_word' id='word_1_138' title='bbox 494 2022 549 2084; x_wconf 89' lang='lat' dir='ltr'>sibi</span> <span class='ocrx_word' id='word_1_139' title='bbox 574 2025 700 2085; x_wconf 81' lang='lat' dir='ltr'>invicem</span> <span class='ocrx_word' id='word_1_140' title='bbox 727 2027 908 2087; x_wconf 80' lang='lat' dir='ltr'>Trinitatem.</span> <span class='ocrx_word' id='word_1_141' title='bbox 951 2028 1078 2105; x_wconf 84' lang='lat' dir='ltr'>Spiritus</span> 
     </span>
     <span class='ocr_line' id='line_1_20' title="bbox 173 2119 1077 2198; baseline 0.002 -20"><span class='ocrx_word' id='word_1_142' title='bbox 173 2119 297 2178; x_wconf 86' lang='lat' dir='ltr'>Sanetus</span> <span class='ocrx_word' id='word_1_143' title='bbox 322 2119 422 2178; x_wconf 87' lang='lat' dir='ltr'>venire</span> <span class='ocrx_word' id='word_1_144' title='bbox 448 2120 556 2179; x_wconf 88' lang='lat' dir='ltr'>dieitur</span> <span class='ocrx_word' id='word_1_145' title='bbox 577 2141 664 2198; x_wconf 90' lang='lat' dir='ltr'>super</span> <span class='ocrx_word' id='word_1_146' title='bbox 682 2121 842 2197; x_wconf 88' lang='lat' dir='ltr'>Virginem,</span> <span class='ocrx_word' id='word_1_147' title='bbox 869 2126 899 2182; x_wconf 93' lang='lat' dir='ltr'>et</span> <span class='ocrx_word' id='word_1_148' title='bbox 918 2123 1012 2182; x_wconf 90' lang='lat' dir='ltr'>virtus</span> <span class='ocrx_word' id='word_1_149' title='bbox 1035 2123 1077 2181; x_wconf 92' lang='lat' dir='ltr'>al-</span> 
     </span>
     <span class='ocr_line' id='line_1_21' title="bbox 172 2212 1078 2281; baseline 0.002 -7"><span class='ocrx_word' id='word_1_150' title='bbox 172 2212 278 2274; x_wconf 90' lang='lat' dir='ltr'>tissimi</span> <span class='ocrx_word' id='word_1_151' title='bbox 305 2214 475 2274; x_wconf 82' lang='lat' dir='ltr'>obumbrare</span> <span class='ocrx_word' id='word_1_152' title='bbox 501 2215 538 2274; x_wconf 90' lang='lat' dir='ltr'>ei.</span> <span class='ocrx_word' id='word_1_153' title='bbox 581 2215 653 2281; x_wconf 80' lang='lat' dir='ltr'>Quoe</span> <span class='ocrx_word' id='word_1_154' title='bbox 680 2221 725 2277; x_wconf 87' lang='lat' dir='ltr'>est</span> <span class='ocrx_word' id='word_1_155' title='bbox 753 2221 852 2277; x_wconf 90' lang='lat' dir='ltr'>autem</span> <span class='ocrx_word' id='word_1_156' title='bbox 877 2217 972 2277; x_wconf 85' lang='lat' dir='ltr'>virtus</span> <span class='ocrx_word' id='word_1_157' title='bbox 997 2218 1078 2278; x_wconf 88' lang='lat' dir='ltr'>altis·</span> 
     </span>
     <span class='ocr_line' id='line_1_22' title="bbox 172 2309 1077 2393; baseline 0.004 -23"><span class='ocrx_word' id='word_1_158' title='bbox 172 2309 246 2385; x_wconf 91' lang='lat' dir='ltr'>simi,</span> <span class='ocrx_word' id='word_1_159' title='bbox 264 2309 321 2368; x_wconf 88' lang='lat' dir='ltr'>nisi</span> <span class='ocrx_word' id='word_1_160' title='bbox 340 2309 403 2386; x_wconf 92' lang='lat' dir='ltr'>ipse</span> <span class='ocrx_word' id='word_1_161' title='bbox 416 2311 558 2384; x_wconf 79' lang='lat' dir='ltr'>Christus,</span> <span class='ocrx_word' id='word_1_162' title='bbox 575 2311 626 2388; x_wconf 91' lang='lat' dir='ltr'>qui</span> <span class='ocrx_word' id='word_1_163' title='bbox 645 2309 690 2372; x_wconf 82' lang='lat' dir='ltr'>e‘st</span> <span class='ocrx_word' id='word_1_164' title='bbox 702 2313 758 2371; x_wconf 89' lang='lat' dir='ltr'>Dei</span> <span class='ocrx_word' id='word_1_165' title='bbox 770 2313 865 2373; x_wconf 83' lang='lat' dir='ltr'>virtus</span> <span class='ocrx_word' id='word_1_166' title='bbox 884 2319 915 2374; x_wconf 90' lang='lat' dir='ltr'>et</span> <span class='ocrx_word' id='word_1_167' title='bbox 927 2314 983 2373; x_wconf 88' lang='lat' dir='ltr'>Dei</span> <span class='ocrx_word' id='word_1_168' title='bbox 1003 2315 1077 2393; x_wconf 90' lang='lat' dir='ltr'>sapi·</span> 
     </span>
    </p>
   </div>
   <div class='ocr_carea' id='block_1_4' title="bbox 160 2404 1082 3440">
    <p class='ocr_par' dir='ltr' id='par_1_5' title="bbox 170 2404 1081 3153">
     <span class='ocr_line' id='line_1_23' title="bbox 172 2404 1080 2485; baseline 0.004 -19"><span class='ocrx_word' id='word_1_169' title='bbox 172 2404 274 2466; x_wconf 88' lang='lat' dir='ltr'>entia?</span> <span class='ocrx_word' id='word_1_170' title='bbox 308 2406 399 2483; x_wconf 80' lang='lat' dir='ltr'>Cujus</span> <span class='ocrx_word' id='word_1_171' title='bbox 423 2410 521 2466; x_wconf 90' lang='lat' dir='ltr'>autem</span> <span class='ocrx_word' id='word_1_172' title='bbox 543 2408 606 2466; x_wconf 86' lang='lat' dir='ltr'>haeo</span> <span class='ocrx_word' id='word_1_173' title='bbox 628 2407 723 2468; x_wconf 84' lang='lat' dir='ltr'>virtus</span> <span class='ocrx_word' id='word_1_174' title='bbox 749 2408 815 2468; x_wconf 85' lang='lat' dir='ltr'>est?</span> <span class='ocrx_word' id='word_1_175' title='bbox 856 2409 1009 2485; x_wconf 85' lang='lat' dir='ltr'>Altissimi,</span> <span class='ocrx_word' id='word_1_176' title='bbox 1034 2411 1080 2470; x_wconf 91' lang='lat' dir='ltr'>in-</span> 
     </span>
     <span class='ocr_line' id='line_1_24' title="bbox 172 2501 1077 2580; baseline 0.004 -20"><span class='ocrx_word' id='word_1_177' title='bbox 172 2501 246 2580; x_wconf 89' lang='lat' dir='ltr'>quit.</span> <span class='ocrx_word' id='word_1_178' title='bbox 288 2501 383 2562; x_wconf 82' lang='lat' dir='ltr'>Adest</span> <span class='ocrx_word' id='word_1_179' title='bbox 398 2522 466 2577; x_wconf 88' lang='lat' dir='ltr'>ergo</span> <span class='ocrx_word' id='word_1_180' title='bbox 480 2501 659 2577; x_wconf 87' lang='lat' dir='ltr'>Altissimus,</span> <span class='ocrx_word' id='word_1_181' title='bbox 675 2505 757 2563; x_wconf 89' lang='lat' dir='ltr'>adest</span> <span class='ocrx_word' id='word_1_182' title='bbox 774 2507 805 2562; x_wconf 90' lang='lat' dir='ltr'>et</span> <span class='ocrx_word' id='word_1_183' title='bbox 817 2503 911 2564; x_wconf 83' lang='lat' dir='ltr'>virtus</span> <span class='ocrx_word' id='word_1_184' title='bbox 924 2504 1077 2579; x_wconf 87' lang='lat' dir='ltr'>Altissimi,</span> 
     </span>
     <span class='ocr_line' id='line_1_25' title="bbox 173 2598 1080 2678; baseline 0.001 -20"><span class='ocrx_word' id='word_1_185' title='bbox 173 2599 255 2659; x_wconf 88' lang='lat' dir='ltr'>adest</span> <span class='ocrx_word' id='word_1_186' title='bbox 276 2602 307 2658; x_wconf 90' lang='lat' dir='ltr'>et</span> <span class='ocrx_word' id='word_1_187' title='bbox 329 2598 457 2675; x_wconf 88' lang='lat' dir='ltr'>Spiritus</span> <span class='ocrx_word' id='word_1_188' title='bbox 481 2599 614 2658; x_wconf 85' lang='lat' dir='ltr'>Sanetus.</span> <span class='ocrx_word' id='word_1_189' title='bbox 655 2599 729 2658; x_wconf 82' lang='lat' dir='ltr'>Haeo</span> <span class='ocrx_word' id='word_1_190' title='bbox 753 2602 798 2658; x_wconf 88' lang='lat' dir='ltr'>est</span> <span class='ocrx_word' id='word_1_191' title='bbox 821 2599 948 2658; x_wconf 79' lang='lat' dir='ltr'>Trinitas</span> <span class='ocrx_word' id='word_1_192' title='bbox 970 2600 1080 2678; x_wconf 91' lang='lat' dir='ltr'>ubique</span> 
     </span>
     <span class='ocr_line' id='line_1_26' title="bbox 172 2693 1079 2773; baseline 0.003 -20"><span class='ocrx_word' id='word_1_193' title='bbox 172 2693 267 2754; x_wconf 89' lang='lat' dir='ltr'>latens</span> <span class='ocrx_word' id='word_1_194' title='bbox 290 2698 321 2754; x_wconf 91' lang='lat' dir='ltr'>et</span> <span class='ocrx_word' id='word_1_195' title='bbox 340 2694 449 2771; x_wconf 90' lang='lat' dir='ltr'>ubique</span> <span class='ocrx_word' id='word_1_196' title='bbox 473 2715 621 2772; x_wconf 89' lang='lat' dir='ltr'>apparens,</span> <span class='ocrx_word' id='word_1_197' title='bbox 644 2695 792 2755; x_wconf 77' lang='lat' dir='ltr'>vocabulis</span> <span class='ocrx_word' id='word_1_198' title='bbox 812 2695 997 2773; x_wconf 89' lang='lat' dir='ltr'>personisque</span> <span class='ocrx_word' id='word_1_199' title='bbox 1020 2696 1079 2756; x_wconf 92' lang='lat' dir='ltr'>dis·</span> 
     </span>
     <span class='ocr_line' id='line_1_27' title="bbox 172 2789 1079 2868; baseline 0.001 -20"><span class='ocrx_word' id='word_1_200' title='bbox 172 2794 259 2863; x_wconf 80' lang='lat' dir='ltr'>creta,</span> <span class='ocrx_word' id='word_1_201' title='bbox 275 2789 475 2865; x_wconf 90' lang='lat' dir='ltr'>inseparabilis</span> <span class='ocrx_word' id='word_1_202' title='bbox 487 2810 556 2850; x_wconf 77' lang='lat' dir='ltr'>vero</span> <span class='ocrx_word' id='word_1_203' title='bbox 570 2791 732 2851; x_wconf 88' lang='lat' dir='ltr'>substantia</span> <span class='ocrx_word' id='word_1_204' title='bbox 745 2791 879 2850; x_wconf 89' lang='lat' dir='ltr'>Deitatis.</span> <span class='ocrx_word' id='word_1_205' title='bbox 923 2793 964 2849; x_wconf 92' lang='lat' dir='ltr'>Et</span> <span class='ocrx_word' id='word_1_206' title='bbox 977 2811 1079 2868; x_wconf 90' lang='lat' dir='ltr'>quam·</span> 
     </span>
     <span class='ocr_line' id='line_1_28' title="bbox 170 2883 1080 2962; baseline 0.004 -20"><span class='ocrx_word' id='word_1_207' title='bbox 170 2883 217 2943; x_wconf 82' lang='lat' dir='ltr'>vis</span> <span class='ocrx_word' id='word_1_208' title='bbox 238 2884 315 2943; x_wconf 88' lang='lat' dir='ltr'>solus</span> <span class='ocrx_word' id='word_1_209' title='bbox 337 2883 432 2943; x_wconf 83' lang='lat' dir='ltr'>Filius</span> <span class='ocrx_word' id='word_1_210' title='bbox 454 2890 589 2945; x_wconf 82' lang='lat' dir='ltr'>nasoatur</span> <span class='ocrx_word' id='word_1_211' title='bbox 608 2905 646 2945; x_wconf 85' lang='lat' dir='ltr'>ex</span> <span class='ocrx_word' id='word_1_212' title='bbox 669 2886 798 2962; x_wconf 88' lang='lat' dir='ltr'>Virgine,</span> <span class='ocrx_word' id='word_1_213' title='bbox 824 2886 906 2944; x_wconf 91' lang='lat' dir='ltr'>adest</span> <span class='ocrx_word' id='word_1_214' title='bbox 928 2889 1025 2945; x_wconf 90' lang='lat' dir='ltr'>tamen</span> <span class='ocrx_word' id='word_1_215' title='bbox 1048 2890 1080 2946; x_wconf 90' lang='lat' dir='ltr'>et</span> 
     </span>
     <span class='ocr_line' id='line_1_29' title="bbox 173 2979 1081 3059; baseline 0.002 -20"><span class='ocrx_word' id='word_1_216' title='bbox 173 2979 353 3050; x_wconf 79' lang='lat' dir='ltr'>Altissimus,</span> <span class='ocrx_word' id='word_1_217' title='bbox 373 2980 454 3039; x_wconf 90' lang='lat' dir='ltr'>adest</span> <span class='ocrx_word' id='word_1_218' title='bbox 474 2984 505 3040; x_wconf 89' lang='lat' dir='ltr'>et</span> <span class='ocrx_word' id='word_1_219' title='bbox 524 2981 653 3058; x_wconf 88' lang='lat' dir='ltr'>Spiritus</span> <span class='ocrx_word' id='word_1_220' title='bbox 673 2981 805 3055; x_wconf 85' lang='lat' dir='ltr'>Sanetus,</span> <span class='ocrx_word' id='word_1_221' title='bbox 821 2984 856 3040; x_wconf 92' lang='lat' dir='ltr'>ut</span> <span class='ocrx_word' id='word_1_222' title='bbox 876 2985 907 3041; x_wconf 88' lang='lat' dir='ltr'>et</span> <span class='ocrx_word' id='word_1_223' title='bbox 925 2984 1081 3059; x_wconf 89' lang='lat' dir='ltr'>oonoeptus</span> 
     </span>
     <span class='ocr_line' id='line_1_30' title="bbox 173 3074 680 3153; baseline 0.002 -19"><span class='ocrx_word' id='word_1_224' title='bbox 173 3074 305 3150; x_wconf 89' lang='lat' dir='ltr'>Virginis</span> <span class='ocrx_word' id='word_1_225' title='bbox 319 3074 515 3135; x_wconf 87' lang='lat' dir='ltr'>sanotidoetur</span> <span class='ocrx_word' id='word_1_226' title='bbox 528 3079 558 3135; x_wconf 93' lang='lat' dir='ltr'>et</span> <span class='ocrx_word' id='word_1_227' title='bbox 570 3080 680 3153; x_wconf 86' lang='lat' dir='ltr'>partus.</span> 
     </span>
    </p>

    <p class='ocr_par' dir='ltr' id='par_1_6' title="bbox 160 3170 1082 3440">
     <span class='ocr_line' id='line_1_31' title="bbox 215 3170 1081 3248; baseline 0.005 -20"><span class='ocrx_word' id='word_1_228' title='bbox 215 3172 261 3228; x_wconf 87' lang='lat'>11.</span> <span class='ocrx_word' id='word_1_229' title='bbox 284 3170 395 3231; x_wconf 89' lang='lat' dir='ltr'>Verum</span> <span class='ocrx_word' id='word_1_230' title='bbox 406 3171 479 3244; x_wconf 83' lang='lat' dir='ltr'>haeo,</span> <span class='ocrx_word' id='word_1_231' title='bbox 495 3171 565 3248; x_wconf 92' lang='lat' dir='ltr'>quia</span> <span class='ocrx_word' id='word_1_232' title='bbox 585 3192 624 3231; x_wconf 87' lang='lat' dir='ltr'>ex</span> <span class='ocrx_word' id='word_1_233' title='bbox 644 3170 793 3248; x_wconf 86' lang='lat' dir='ltr'>seripturis</span> <span class='ocrx_word' id='word_1_234' title='bbox 805 3171 985 3248; x_wconf 81' lang='lat' dir='ltr'>Prophetieis</span> <span class='ocrx_word' id='word_1_235' title='bbox 1005 3191 1081 3232; x_wconf 90' lang='lat' dir='ltr'>asse·</span> 
     </span>
     <span class='ocr_line' id='line_1_32' title="bbox 172 3267 1082 3345; baseline 0.005 -20"><span class='ocrx_word' id='word_1_236' title='bbox 172 3268 287 3340; x_wconf 84' lang='lat' dir='ltr'>rantur,</span> <span class='ocrx_word' id='word_1_237' title='bbox 303 3272 425 3342; x_wconf 88' lang='lat' dir='ltr'>possunt</span> <span class='ocrx_word' id='word_1_238' title='bbox 444 3267 518 3328; x_wconf 85' lang='lat' dir='ltr'>forte</span> <span class='ocrx_word' id='word_1_239' title='bbox 531 3269 648 3328; x_wconf 82' lang='lat' dir='ltr'>Judoeos</span> <span class='ocrx_word' id='word_1_240' title='bbox 668 3269 800 3345; x_wconf 85' lang='lat' dir='ltr'>quamvis</span> <span class='ocrx_word' id='word_1_241' title='bbox 821 3269 880 3329; x_wconf 91' lang='lat' dir='ltr'>sint</span> <span class='ocrx_word' id='word_1_242' title='bbox 898 3269 1031 3328; x_wconf 90' lang='lat' dir='ltr'>infideles</span> <span class='ocrx_word' id='word_1_243' title='bbox 1051 3276 1082 3331; x_wconf 92' lang='lat' dir='ltr'>et</span> 
     </span>
     <span class='ocr_line' id='line_1_33' title="bbox 160 3360 1080 3440; baseline 0.011 -23"><span class='ocrx_word' id='word_1_244' title='bbox 160 3360 313 3422; x_wconf 81' lang='lat' dir='ltr'>inereduli</span> <span class='ocrx_word' id='word_1_245' title='bbox 327 3361 488 3424; x_wconf 76' lang='lat' dir='ltr'>confutare.</span> <span class='ocrx_word' id='word_1_246' title='bbox 506 3362 576 3423; x_wconf 72' lang='lat' dir='ltr'>,Sed</span> <span class='ocrx_word' id='word_1_247' title='bbox 585 3363 696 3440; x_wconf 88' lang='lat' dir='ltr'>Pagani</span> <span class='ocrx_word' id='word_1_248' title='bbox 709 3363 803 3425; x_wconf 90' lang='lat' dir='ltr'>solent</span> <span class='ocrx_word' id='word_1_249' title='bbox 814 3365 934 3426; x_wconf 85' lang='lat' dir='ltr'>irridere</span> <span class='ocrx_word' id='word_1_250' title='bbox 947 3385 1000 3425; x_wconf 89' lang='lat' dir='ltr'>nos</span> <span class='ocrx_word' id='word_1_251' title='bbox 1012 3376 1080 3426; x_wconf 80' lang='lat' dir='ltr'>oum</span> 
     </span>
    </p>
   </div>
   <div class='ocr_carea' id='block_1_5' title="bbox 0 0 1182 3780">
    <p class='ocr_par' dir='ltr' id='par_1_7' title="bbox 0 0 1182 3780">
     <span class='ocr_line' id='line_1_34' title="bbox 0 0 1182 3780; baseline 0 0"><span class='ocrx_word' id='word_1_252' title='bbox 0 0 1182 3780; x_wconf 95' lang='lat' dir='ltr'> </span> 
     </span>
    </p>
   </div>
  </div>
 </body>
</html>
