2356 3780
155 214 190 269 12
380 231 510 271 emon
529 231 604 273 mm
624 232 822 274 nummum.

242 401 376 458 τουτέστιν
389 401 417 456 έκ
429 404 475 472 τῆς
487 401 578 458 οὐσίας
591 406 637 457 τοῦ
651 405 764 476 Πατρός,

244 503 300 556 Φῶς
314 500 342 554 έκ
355 497 452 562 Φωτός,

243 595 309 650 θεὸν
322 593 444 662 ἀληθινόν
458 594 486 649 ε’κ
500 599 567 651 θεοῦ
580 595 714 665 ἀληθινοῦ,

244 690 405 762 γεννηθέντα,
420 693 450 746 οὐ
463 693 610 762 ποιηθέντα,

245 785 386 856 όμοοίισιον
398 789 435 863 τῷ
449 791 540 862 Πατρί·

244 883 276 938 δι’
291 883 322 938 οὗ
333 885 366 938 τό
382 886 465 940 πάντα
486 886 596 958 έγένετο,
612 886 643 940 τὰ
662 908 691 941 τε
705 886 733 940 ε’ν
751 889 805 943 τοῖς
823 887 940 959 οὐρανοῖς
958 889 1002 941 καὶ
1022 889 1053 941 τὰ

282 981 309 1036 ἓν
322 989 353 1052 α’]
366 985 410 1054 τό·

195 1075 221 1129 3.
243 1077 293 1129 Τόν
306 1073 340 1130 δι’
353 1076 418 1146 ἡμᾶς
431 1077 490 1134 τοὺς
503 1076 653 1152 ἀνθρώπους
668 1079 708 1131 καὶ
723 1078 764 1133 διὰ
776 1078 822 1148 τὴν

243 1166 367 1242 ἡμετέραν
381 1169 512 1242 σωτηρίαν

243 1267 401 1322 κατελθόντα
414 1268 442 1322 ἔκ
455 1274 506 1323 τῶν
519 1268 642 1341 οὐρανῶν,

244 1363 285 1416 καί
299 1364 464 1436 σαρκωθέντα

243 1459 271 1513 ἐκ
285 1461 433 1531 Πνειίματος
442 1459 536 1535 Ἀγιου
549 1462 591 1515 καὶ
604 1459 705 1532 Μαρίας
717 1463 762 1531 τῆς
778 1460 921 1534 Παρθένου,

243 1551 287 1613 καὶ
300 1557 541 1630 ε’νανθρωπησόντα·

193 1654 220 1707 4.
243 1655 423 1728 σταυρωθέντα
436 1679 465 1712 τε
478 1656 543 1729 ὑπέρ
556 1655 627 1725 ἡμῶν
640 1655 682 1710 ε’πί
695 1656 807 1711 Ποντίου
821 1657 947 1719 Πιλάτου,

242 1753 290 1809 Καὶ
303 1751 426 1816 παθόντα,

242 1851 283 1905 καὶ
295 1848 419 1920 ταφέντα,

194 1947 220 2000 5.
243 1948 292 2001 Καὶ
304 1947 450 2001 ἀναστάντα
462 1950 494 2016 τῇ
508 1946 581 2017 τρίτη
596 1946 685 2018 ἡμέρᾳ,

241 2045 305 2098 κατὰ
318 2045 364 2102 τὰς
376 2044 491 2116 γραφάς·

194 2140 221 2193 6.
245 2143 294 2198 Καὶ
307 2139 449 2196 ἀνελθόντα
463 2141 499 2199 είς
510 2141 570 2197 τοὺς
583 2140 713 2214 οὐρανοὺς,

245 2238 286 2292 καὶ
299 2236 467 2307 καθεζόμενον
480 2238 508 2292 ἔκ
521 2235 611 2305 δεξιῶν
623 2241 669 2292 τοῦ
683 2236 794 2310 Πατρός,

196 2333 221 2393 7.
245 2336 294 2390 Καὶ
305 2336 385 2392 πόλιν
399 2333 538 2408 ἐρχόμενον
550 2336 615 2405 μετὰ
628 2333 705 2403 δόξης

244 2435 326 2505 κρῖναι
340 2435 434 2500 ζῶντας
447 2432 488 2487 καί
501 2429 613 2504 νεκρούς·

243 2528 274 2583 οὗ
286 2532 331 2600 τῆς
344 2530 483 2595 βασιλείας
496 2528 541 2584 οὔκ
554 2530 629 2583 ἔσται
643 2529 726 2583 τελος·

196 2625 223 2680 8.
246 2626 295 2680 Καὶ
309 2626 345 2683 εἷς
357 2629 387 2681 τό
399 2630 504 2696 Πνεῦμα
516 2624 656 2697 τόἈγιον,

246 2721 350 2796 Κόριον,

247 2821 288 2875 καὶ
302 2821 436 2886 ζωοποιόν,

246 2918 277 2971 τό
290 2918 318 2971 έκ
330 2920 376 2972 τοῦ
390 2918 492 2989 Πατρός
506 2915 716 2988 ἐκπορευόμενον,

243 3015 273 3067 τό
298 3015 348 3069 σὺν
370 3014 455 3085 Πατρὶ
478 3013 520 3068 καὶ
543 3013 596 3087 Υίῴ
623 3005 902 3082 συμπροσκυνοθμενον
924 3010 966 3062 καί
992 3030 1052 3063 συν-

276 3111 456 3180 δοξαζόμενον,

243 3209 273 3262 τό
286 3209 408 3268 λαλῆσαν
421 3207 463 3261 διὰ
475 3210 527 3261 τῶν
538 3205 688 3277 προφητῶν·

196 3306 222 3360 9.
244 3304 289 3362 Εἷς
301 3305 362 3375 μίαν
374 3303 449 3378 όγίαν
461 3301 599 3371 καθολικὴν
612 3302 654 3355 καί
666 3297 842 3368 ἀπαστολικην

245 3399 410 3469 Ἐκκλησίαν·
