2356 3780
166 246 223 304 134
443 260 792 303 romeomrmrm

80 446 84 455 ·
162 426 290 503 Spiritus
315 427 417 486 Sancti
441 427 525 488 dedit
555 428 732 502 hominibus,
760 429 831 507 quis
856 430 1065 506 captivitatem,

161 542 249 600 quum
264 523 348 600 prins
359 523 492 583 diabolus
509 544 564 601 per
580 530 732 601 peoeotum
744 525 905 585 deduxerat
923 526 956 584 iu
974 526 1066 585 infer.

160 639 242 694 num,
259 620 395 681 Christus
408 640 461 697 per
473 621 576 681 mortis
594 641 655 680 sure
667 622 906 682 resurrectionem
918 625 1067 685 revocavit

159 718 197 776 ed
215 719 313 778 eoelos.
353 719 496 778 Ascendit
513 739 582 794 ergo
604 720 642 778 ed
665 720 761 791 coelos,
782 741 842 778 non
860 721 913 780 nbi
932 722 1064 781 Verbum

157 813 240 873 Deus
259 819 327 874 onte
343 833 403 874 non
414 815 520 889 fueret,
536 815 645 892 quippe
663 815 794 891 quierat
811 835 924 892 semper
935 817 968 875 in
980 818 1063 876 coelis

158 914 190 969 et
201 911 337 970 manebat
355 910 388 969 in
400 910 497 983 Patre,
513 911 563 968 sed
575 911 628 969 nbi
640 911 770 969 Verbum
788 931 854 970 caro
873 913 983 971 fuctum
996 917 1063 972 onte

158 1027 217 1067 non
227 1009 348 1068 sederat.
369 1008 504 1084 Denique
513 1008 583 1084 quis
591 1028 685 1066 novus
696 1009 752 1068 istc
761 1009 909 1084 ingressus
916 1020 1065 1086 porterum

158 1104 226 1165 cosli
239 1104 356 1164 aedituis
369 1107 401 1162 et
416 1104 597 1180 principibus
608 1104 771 1178 videbatur,
786 1104 917 1164 ridentes
929 1109 1066 1165 naturum

156 1200 252 1260 earnis
264 1200 402 1258 ooelorum
416 1204 524 1257 secreto
536 1203 745 1275 penetrantem,
762 1199 864 1258 dicunt
877 1201 914 1258 sd
926 1199 1062 1273 invicem,

157 1297 234 1356 sieut
253 1295 351 1354 David
372 1295 478 1371 plenus
502 1293 616 1371 Spiritu
637 1294 743 1352 Sancto
768 1295 933 1368 denunciet,
953 1296 1061 1369 dicens,

160 1392 261 1451 Tollite
274 1396 375 1466 portur
389 1391 535 1466 princpes
546 1396 661 1460 scruas,
674 1396 702 1448 ct
721 1391 866 1449 abramiri
878 1397 971 1467 porto
984 1397 1063 1450 cter-

156 1488 242 1556 nalcs‚
255 1493 282 1546 ct
295 1487 427 1545 introibit
439 1488 502 1545 Ber
511 1486 618 1563 plorare.
662 1487 735 1561 Quat
747 1491 787 1545 cst
801 1488 855 1545 estc
866 1488 930 1545 Ra
939 1487 1063 1563 qlrm'oe?

157 1584 295 1641 Dominus
311 1582 404 1659 sortis
430 1587 458 1641 ct
475 1587 584 1657 potem,
610 1583 752 1641 Dominus
772 1588 870 1660 potens
896 1584 928 1641 in
948 1583 1060 1656 proelto.

156 1678 229 1744 Quae
242 1698 301 1737 vox
314 1678 418 1755 ntique
436 1697 495 1737 non
514 1681 633 1754 propter
644 1677 817 1737 Divinitetis
828 1678 995 1754 potentium,
1012 1679 1063 1738 sed

153 1777 272 1850 propter
285 1773 445 1832 novitatem
465 1773 560 1831 carnis
578 1773 760 1832 ascendentis
779 1774 816 1832 ud
835 1774 892 1832 Dei
911 1774 1063 1833 dexteram

154 1869 313 1929 ferebatur.
353 1868 435 1927 Dicit
454 1875 485 1927 et
507 1868 578 1927 olibi
600 1869 678 1928 idem
700 1869 805 1943 David,
825 1871 962 1927 Ascendit
980 1870 1063 1928 Deus

155 1966 187 2023 in
198 1965 376 2043 jubilatione,
392 1969 419 2022 ct
431 1965 568 2023 Dominus
588 1966 619 2023 in
639 1986 699 2025 coco
718 1965 797 2024 tubo.
836 1965 875 2022 In
894 1985 963 2023 voce
983 1965 1064 2024 enim

154 2060 233 2119 tubae
253 2080 315 2118 mos
335 2060 534 2119 estviotonnn
547 2060 641 2118 redire
654 2061 691 2119 de
703 2061 814 2137 praelio.
854 2060 899 2118 De
912 2059 974 2136 ipso
987 2080 1060 2137 quo·

154 2176 211 2235 que
233 2161 263 2216 et
286 2156 362 2215 illud
385 2157 502 2229 dieitur,
520 2157 582 2231 Qui
601 2158 719 2234 edificat
742 2158 773 2215 cir
796 2157 857 2216 colo
880 2158 1061 2218 cocciones

154 2273 241 2312 curan.
276 2252 318 2313 Et
330 2252 402 2311 item
415 2252 495 2325 alibi,
514 2253 574 2328 Qui
586 2253 797 2330 arcenditsupcr
815 2251 969 2324 Cherubim,
985 2253 1061 2312 colu·

155 2350 198 2408 vit
210 2369 294 2425 super
302 2370 410 2426 pennas
423 2355 573 2409 ventorum.

194 2450 241 2504 32.
265 2446 370 2505 Sedere
393 2465 508 2523 quoque
532 2445 569 2503 ad
594 2444 744 2502 dexteram
771 2442 867 2502 Patris
892 2443 987 2502 carnis
1013 2464 1059 2503 us-

154 2545 279 2617 sumptae
301 2541 474 2618 mysterium
495 2544 548 2600 est.
589 2540 693 2616 Neque
715 2539 792 2598 enim
815 2539 988 2615 incorporem
1011 2540 1060 2601 illi

154 2640 267 2696 naturae
282 2638 486 2697 convenienter
498 2636 556 2696 istc
569 2637 677 2713 absque
690 2635 885 2712 assumptione
899 2636 993 2694 curnis
1006 2657 1059 2713 ap·

151 2735 272 2791 tantur:
304 2752 399 2810 neque
420 2732 496 2792 sedis
516 2733 639 2791 coelestis
658 2731 798 2807 perfectio
817 2730 924 2788 divinae
944 2735 1059 2793 naturae

152 2828 201 2886 sed
215 2828 349 2887 humonae
363 2829 552 2905 conquiritur.
582 2828 668 2887 Unde
681 2830 711 2886 et
721 2826 828 2884 dicitur
838 2826 873 2884 de
884 2826 936 2896 Eo,
946 2828 1060 2888 Porcio

151 2927 192 2982 est
210 2925 283 2982 sodor
297 2929 354 2993 tua,
368 2926 453 2997 Deus,
469 2944 503 2982 cc
515 2929 598 2982 tunc:
619 2943 637 2982 a
655 2923 741 2993 seculo
755 2928 787 2981 tu
805 2944 840 2982 cs.
884 2924 989 2984 Parate
1002 2925 1059 3000 igi-

151 3024 202 3076 tur
221 3037 240 3076 o
259 3021 355 3079 seculo
376 3021 456 3079 sedes
476 3026 529 3092 est,
545 3019 576 3078 in
597 3038 655 3094 qua
667 3017 810 3076 Dominus
822 3020 907 3078 Jesus
928 3039 1059 3081 sessurus

151 3121 222 3185 erut,
248 3115 280 3172 c'n
303 3116 378 3191 crpus
404 3115 512 3173 nominc
538 3134 614 3173 omne
637 3132 710 3189 penu
727 3115 870 3190 flectatur,
900 3114 1056 3191 eucherium,

152 3210 334 3283 terrestrium,
357 3215 384 3269 ct
404 3210 599 3287 infernorum:
626 3214 653 3267 ct
672 3211 759 3268 omnis
780 3211 876 3286 linqua
895 3212 1061 3286 confiteatur

146 3301 182 3370 er)
202 3304 275 3380 quia
294 3305 431 3365 Dominus
450 3307 531 3365 Jecur
551 3307 582 3363 in
603 3305 696 3382 picris
713 3307 771 3365 Dei
784 3307 890 3381 putris.
931 3306 977 3365 De
998 3327 1058 3386 quo

131 3399 166 3456 ot
182 3398 290 3462 David
309 3401 354 3465 itu
376 3402 478 3481 refert,
494 3402 584 3465 Dicit
605 3403 741 3463 Dominus
758 3403 881 3463 Domino
900 3423 966 3476 mco,
985 3406 1067 3491 Sede
