2356 3780
358 248 397 288 on
417 247 487 288 oron
506 247 541 288 m
562 245 690 287 emoto
711 245 807 286 urana.
996 231 1032 286 65

135 427 303 485 recedamus
316 425 438 498 anobis,
454 429 485 485 et
502 429 601 485 tamen
614 424 673 484 tale
694 423 846 496 indicium,
862 443 922 500 quo
934 423 988 482 fiat
1002 421 1034 480 in

135 523 226 581 altero
238 525 339 581 nostra
351 522 466 591 notitia,
480 522 675 600 proferamua3
697 525 741 594 ut,
753 523 896 597 quantum
909 519 1035 578 facultas

135 619 312 690 conceditur,
329 618 412 695 quasi
431 618 505 677 alter
525 617 639 676 animus
657 618 694 677 ab
715 616 811 676 animo
828 635 880 693 per
897 636 985 693 quem
1004 634 1035 672 se

134 715 245 776 indicet
257 711 444 790 proferatur?
485 713 522 771 Id
539 712 663 772 facimus
681 716 818 772 conantes
839 717 870 772 et
882 712 988 785 verbis,
1005 714 1035 770 et

134 812 198 888 ipso
221 830 292 870 sono
306 810 394 883 vocis,
408 813 439 868 et
452 809 549 881 vultu,
565 818 596 869 et
609 813 694 885 gestu
712 808 848 885 corporis,
861 812 906 867 tot
924 808 1036 868 scilicet

135 905 386 976 machinamentis,
396 906 428 963 id
438 907 514 982 quod
523 905 604 965 intus
615 911 659 965 θεῖ
668 906 863 964 demonstrare
873 904 1033 981 cupientes,

136 1005 206 1082 quia
221 1004 282 1063 tale
303 1002 417 1080 aliquid
435 1001 563 1078 proferre
579 1021 638 1060 non
660 1020 822 1078 possumus,
837 1005 868 1060 et
892 1001 957 1060 ideo
977 1021 1036 1059 non

135 1104 231 1178 potest
257 1097 405 1176 loquentis
431 1097 547 1156 animus
573 1097 691 1174 penitus
722 1097 923 1168 innotescere;
958 1097 1036 1155 unda

136 1197 225 1257 etiam
243 1195 401 1253 mendaciis
420 1195 501 1254 locus
521 1196 611 1271 patet.
653 1195 733 1253 Deus
754 1196 852 1251 autem
872 1193 970 1262 Pater,
984 1192 1037 1270 qui

136 1291 286 1352 verissime
301 1309 330 1348 sa
344 1290 473 1349 indicare
491 1290 596 1348 animia
615 1287 775 1364 cognituris
789 1293 819 1347 et
831 1287 927 1348 voluit
940 1293 971 1348 θῖ
985 1309 1034 1366 po·
1156 1352 1157 1356 ,

137 1387 207 1456 tuit,
220 1387 274 1445 hoc
288 1387 325 1444 ad
343 1386 469 1462 seipsum
487 1385 674 1444 indicandum
694 1384 797 1460 genuit
815 1385 892 1461 quod
911 1390 955 1443 est
968 1386 1037 1462 Ipse

138 1482 189 1560 qui
203 1482 322 1557 genuit3
345 1482 398 1559 qui
411 1483 501 1542 etiam
515 1482 616 1542 Virtus
630 1482 696 1559 ejus
710 1486 740 1541 et
755 1480 905 1565 Sapientia
919 1481 1037 1550 dicitur,

139 1577 208 1655 quia
231 1597 284 1655 per
304 1579 408 1656 Ipsum
428 1586 562 1655 operatus
583 1582 627 1637 est
647 1584 677 1637 et
696 1576 842 1655 disposuit
861 1577 973 1651 omnia;
1001 1578 1037 1636 de

138 1694 196 1751 quo
209 1679 360 1750 propterea
371 1674 489 1744 dicitur,
498 1675 633 1751 Attinqc
647 1675 730 1752 asiae
743 1693 826 1752 usquc
840 1675 877 1733 ad
880 1675 968 1752 finem
972 1674 1038 1750 sor·

139 1771 215 1845 tier,
231 1775 259 1829 ot
272 1771 398 1846 disponit
411 1771 504 1830 omnia
517 1772 647 1830 saeviter.

178 1870 206 1925 5.
229 1867 422 1932 Quamobrem
440 1867 611 1942 unigenitus
634 1866 729 1926 Filius
749 1865 808 1926 Dei
828 1886 923 1944 neque
943 1866 1038 1926 factus

138 1966 183 2022 est
203 1982 220 2020 a
242 1963 340 2030 Patra,
364 1962 434 2039 quia
455 1962 531 2022 sicut
552 1963 625 2022 dicit
646 1964 835 2039 evangelista,
866 1963 966 2022 Omnia
983 1982 1040 2038 per

137 2057 234 2132 Ipsum
245 2058 328 2134 facta
342 2064 415 2130 runt,
437 2078 532 2135 neque
552 2078 590 2117 ex
608 2063 736 2136 tempore
757 2060 880 2134 genitus,
903 2059 1039 2135 quoniam

138 2153 309 2228 sempiterne
340 2153 420 2211 Deus
452 2153 564 2230 sapiens
596 2153 799 2230 sempiternam
827 2173 923 2212 secum
951 2153 1040 2211 habet

138 2247 308 2323 sapientiam
335 2267 425 2320 suam,
448 2266 542 2324 neque
568 2247 662 2325 impar
688 2253 733 2307 est
758 2247 848 2320 Patri,
871 2247 903 2305 id
929 2250 981 2318 est,
1006 2245 1038 2303 in

137 2341 235 2419 aliquo
260 2342 362 2414 minor,
389 2341 458 2418 quia
484 2345 514 2400 et
539 2341 697 2418 Apostolus
722 2342 802 2416 dicit,
832 2342 895 2414 cai,
921 2361 980 2400 cum
1007 2341 1039 2399 in

131 2437 228 2512 forum
247 2438 304 2496 Dei
322 2441 390 2495 caret
409 2437 582 2509 constitutus,
604 2456 658 2495 non
677 2437 807 2512 rapinam
827 2437 980 2496 arbitratus
999 2440 1040 2493 cst

137 2551 192 2590 acac
211 2533 324 2610 aqualia
339 2533 406 2591 Deo.
447 2531 513 2590 Hac
532 2531 624 2606 igitur
636 2532 693 2590 fide
714 2533 854 2592 catholica
872 2537 903 2592 et
921 2532 968 2591 illi
987 2551 1037 2590 ex-

139 2612 297 2687 cluduntur
317 2627 369 2705 qui
388 2628 521 2686 eumdem
543 2627 645 2686 dicunt
663 2627 774 2686 Filium
797 2648 857 2687 θεεθ
881 2628 933 2706 qui
951 2629 1039 2687 Pater

139 2725 199 2795 est;
219 2723 288 2799 quia
308 2727 338 2782 et
357 2724 411 2782 hoc
427 2723 556 2782 Verbum
576 2723 653 2799 apud
672 2723 767 2782 Deum
787 2744 847 2783 θεεθ
866 2744 924 2782 non
943 2726 1038 2801 posset

138 2816 195 2874 nisi
212 2818 290 2893 apud
306 2819 422 2876 Patrem
434 2818 538 2890 Deum,
554 2821 585 2876 et
601 2818 676 2875 nulli
695 2822 738 2877 est
757 2819 877 2895 aequalis
892 2818 944 2895 qui
962 2817 1038 2876 solus

139 2915 192 2970 est.
233 2913 439 2973 Excluduntur
455 2913 543 2973 etiam
559 2913 605 2971 illi
623 2913 674 2989 qui
692 2918 851 2974 creaturam
864 2933 924 2973 esse
936 2913 1038 2972 dicunt

139 3007 257 3080 Filium,
280 3008 411 3085 quamvis
432 3028 490 3067 non
508 3009 598 3067 talem
617 3008 716 3086 quales
739 3013 807 3068 sunt
830 3013 940 3069 caetera
960 3028 1037 3068 crea·

138 3107 222 3163 turae.
258 3104 524 3181 Quantumcumque
538 3103 615 3162 enim
628 3109 788 3164 creaturam
801 3105 906 3178 dicant,
923 3105 947 3164 si
960 3125 1036 3164 crea·

137 3203 206 3258 tura
223 3202 275 3271 est,
292 3197 406 3256 condita
425 3202 455 3257 et
474 3199 551 3258 facta
570 3204 622 3259 est.
662 3200 740 3258 Nam
757 3199 835 3259 idem
855 3205 899 3262 est
917 3202 1037 3260 condere

139 3295 217 3371 quod
229 3313 341 3353 creare:
364 3312 529 3370 quanquam
545 3294 577 3353 in
589 3294 688 3354 latinae
705 3295 814 3372 linguae
832 3283 1037 3356 consuetudine

138 3391 252 3451 dicatiu
269 3390 423 3470 aliquando
439 3409 533 3450 creare
550 3410 602 3468 pro
622 3410 655 3450 eo
673 3393 750 3471 quod
767 3396 812 3453 cst
832 3393 978 3468 &anerei
992 3390 1053 3445 sed

584 3509 605 3551 F
1119 3458 1127 3521 ῖ
