2356 3780
419 549 445 606 S.
464 549 552 606 ΑΗΒ.
570 549 777 607 AUGUSTINI

340 697 398 756 DE
422 696 533 756 FIDE
559 696 614 756 ΕΤ
637 696 850 756 SYMBOLO

538 850 655 900 LIBER.

192 995 218 1051 1.
240 991 380 1058 Quonrsu
401 991 540 1070 scriptum
568 993 612 1051 est
638 992 668 1050 et
690 989 858 1074 ¹apostolicae
879 989 1040 1068 disciplinas

141 1082 347 1148 vrobustissima
366 1088 536 1147 anctoritate
555 1087 711 1161 firmatum,
741 1086 812 1154 Quia
824 1087 923 1162 justas
938 1109 971 1146 ea
983 1091 1045 1166 fido

146 1186 225 1258 aicit,
249 1205 340 1262 eaque
359 1185 431 1243 fides
451 1184 576 1242 officium
596 1183 715 1242 anobis
735 1183 829 1259 exigit
849 1186 880 1268 et
899 1184 992 1244 cordis
1012 1192 1043 1247 et

146 1281 266 1357 linguae‚
281 1281 323 1340 ait
331 1281 409 1339 enim
422 1280 589 1357 Apostolus,
608 1279 693 1338 Corde
705 1281 829 1339 creditur
843 1281 1039 1356 adjustitiam,

148 1397 193 1437 ore
212 1382 302 1449 catam
321 1377 449 1454 consessio
461 1379 502 1454 fit
522 1378 559 1436 ad
577 1375 702 1447 solutam,
725 1379 838 1453 oportet
856 1396 908 1435 nos
930 1396 991 1437 esse
1011 1383 1043 1438 et

143 1473 269 1552 justitiae
290 1491 429 1533 memores
449 1480 478 1533 ct
499 1473 609 1532 salutis.
653 1473 894 1550 Quandoquidem
914 1474 946 1532 in
968 1494 1041 1533 sem·

145 1570 261 1647 piterna
276 1569 395 1648 justitia
414 1569 573 1646 regnaturi,
594 1589 611 1627 a
630 1567 767 1647 prasenti
787 1569 892 1628 saeculo
912 1570 1041 1647 maligno

147 1666 220 1727 salvi
230 1665 294 1725 ficri
307 1686 366 1724 non
378 1686 539 1742 possumus,
554 1665 612 1725 nisi
633 1671 662 1726 et
675 1687 736 1739 uos,
754 1666 790 1724 ad
805 1666 928 1725 salutm
941 1667 1040 1744 proxi·

144 1784 257 1822 morum
280 1762 416 1836 nitentes,
443 1762 530 1822 etiam
557 1783 606 1823 ore
628 1763 815 1840 profiteamur
837 1763 925 1822 fidem
952 1784 1039 1841 quam

143 1861 227 1921 corde
247 1863 410 1936 gestamus:
441 1878 506 1936 quae
527 1859 599 1918 fides
618 1879 655 1918 ne
678 1859 874 1918 fraudulentis
893 1861 1036 1920 callidita-

144 1958 222 2017 tibus
234 1956 437 2015 haereticorum
455 1956 545 2034 possit
563 1956 595 2014 in
612 1956 695 2015 nobis
710 1957 808 2034 aliqua
828 1963 960 2033 exparte
974 1958 1036 2018 vio-

141 2052 205 2126 lari,
233 2051 283 2128 pia
305 2055 447 2128 cautaque
471 2052 625 2128 vigilantia
648 2052 860 2129 providendum
887 2057 940 2113 est.
983 2055 1038 2114 Est

142 2159 240 2218 autem
260 2148 402 2206 catholica
421 2147 493 2206 fides
513 2147 545 2205 in
567 2148 702 2225 Symbola
722 2155 791 2207 nota
810 2148 955 2232 fidelibus,
976 2170 1034 2209 me-

141 2245 296 2321 moriaeque
310 2244 455 2312 mandata,
469 2239 580 2320 quanti
596 2263 642 2301 res
658 2263 741 2321 passa
760 2247 805 2302 est
818 2244 961 2303 brevitate
976 2264 1035 2304 scr-

140 2342 233 2400 monis
244 2362 251 2412 ;
274 2343 309 2398 ut
329 2337 537 2414 incipientibus
561 2342 649 2416 atque
669 2341 853 2413 lactentibus,
870 2340 912 2398 eis
932 2340 1032 2416 quiin

140 2439 253 2498 Christo
273 2435 367 2496 renati
387 2438 464 2508 sunt,
485 2436 613 2495 nondum
635 2436 849 2513 scripturarum
869 2435 1034 2496 divinarum

140 2533 362 2610 diligentissima
375 2536 405 2590 et
419 2531 564 2608 spirituali
577 2533 750 2591 tractatione
765 2539 852 2610 atque
867 2531 1033 2607 cognitione

131 2629 288 2700 roboratis,
299 2627 399 2706 paucis
409 2627 506 2687 verbis
520 2629 694 2687 credendum
707 2628 938 2699 constitueretur,
954 2629 1033 2704 quod

140 2724 241 2784 multis
264 2724 359 2784 verbis
387 2725 590 2801 exponendum
610 2730 684 2783 esset
708 2723 927 2801 proficientibus
947 2729 977 2781 et
997 2725 1034 2782 ad

138 2820 266 2878 divinam
291 2819 449 2879 doctrinam
475 2816 553 2878 certia
571 2820 748 2879 humilitatis
774 2822 862 2895 atque
883 2818 1034 2878 charitatis

135 2916 273 2975 firmitate
288 2916 481 2990 surgentibus.
525 2915 586 2974 Sub
605 2914 676 2992 ipsis
690 2936 756 2991 ergo
775 2915 875 2991 paucis
889 2914 984 2973 verbis
999 2913 1030 2974 in

137 3013 274 3090 Symbolo
294 3011 460 3070 constitutis
476 3012 608 3088 plerique
627 3011 757 3071 haeretici
778 3029 888 3070 venena
909 3030 961 3068 sua
981 3031 1026 3070 oc-

135 3110 245 3168 cultare
268 3107 363 3166 conati
383 3115 471 3167 sunt:
496 3108 602 3185 quibus
622 3109 731 3168 restitit
751 3113 781 3168 et
800 3107 911 3166 resistit
930 3107 1030 3167 divina

136 3204 329 3264 misericordia
343 3223 394 3280 per
408 3204 573 3281 spirituales
583 3204 668 3278 viros,
682 3204 734 3282 qui
748 3203 918 3263 catholicam
930 3204 1026 3277 fidem,

134 3321 193 3359 non
214 3304 328 3360 tantum
354 3300 387 3358 in
412 3301 472 3359 illis
499 3301 595 3360 verbis
622 3302 750 3378 accipere
777 3305 807 3360 et
834 3301 957 3385 credere,
977 3301 1027 3359 sed

135 3396 224 3457 ctiam
244 3396 367 3456 Domino
394 3397 540 3458 revelante
561 3398 725 3476 intelligere
751 3405 844 3476 atoue
862 3411 1043 3470 cognoscere
1074 3410 1101 3519 Ι
