2356 3780
357 250 438 291 untur
458 249 623 291 ciruoncn
642 247 801 290 mosrrro.
969 228 1025 290 15⁷

135 413 252 489 plures:
282 414 340 489 Sol,
354 415 466 485 condor,
483 417 513 473 et
530 413 615 482 calor,
630 418 660 487 et
675 410 816 472 tria'sunt
834 412 983 486 vocabula,
999 416 1029 472 ot

135 510 192 568 tria
205 529 305 568 unum.
342 510 426 576 Quod
439 510 550 582 candet,
564 509 619 568 hoc
633 508 724 582 calet3
745 512 775 568 et
788 509 865 586 quod
877 508 961 578 calet,
974 508 1029 567 hoc

136 608 255 666 candet:
284 606 341 666 tria
362 608 424 666 hoec
447 609 587 667 vocabula
608 625 655 664 res
676 625 733 665 una
756 625 816 665 esse
841 606 1026 682 dignoscitur.
1138 593 1140 599 ¹

136 701 186 761 Ita
199 704 286 762 Pater
299 706 329 761 et
341 701 435 761 Filius
452 707 481 762 et
495 704 620 781 Spiritus
634 703 765 769 Sanctus,
778 706 838 762 tres
851 703 983 762 Personae
995 702 1027 761 in

136 797 263 868 Deitate‚
288 799 449 857 substantia
474 819 566 858 unum
594 803 679 871 sunt;
702 801 733 858 et
755 798 906 857 individua
931 799 1029 858 unitas

136 902 214 952 recte
234 893 369 952 creditur.
411 893 488 953 Item
509 895 544 953 de
563 893 694 965 terrenis,
714 912 797 966 vena,
817 894 889 964 fons,
911 892 1029 964 fluvius,

137 989 194 1049 tria
214 993 283 1048 sunt
302 990 449 1062 vocabula,
472 997 501 1049 et
518 991 576 1049 tria
594 1009 686 1048 unum
705 988 737 1046 in
757 1008 809 1047 sua
827 993 939 1047 natura.
980 990 1030 1050 Ita

136 1085 227 1144 trium
248 1087 445 1160 Personarum,
466 1087 561 1145 Patris
582 1091 612 1146 et
632 1085 703 1144 Filii
720 1088 751 1144 et
773 1084 898 1161 Spiritus
920 1084 1027 1159 Sancti,

137 1184 299 1243 substantia
311 1191 340 1243 et
352 1185 454 1244 Deitas
465 1205 558 1243 unum
570 1192 622 1244 est.

134 1355 136 1359 Ι
175 1281 306 1356 Euterpe
319 1281 402 1340 ludo
416 1291 500 1352 recta,
515 1286 548 1340 ui
567 1283 704 1340 cadumin
722 1285 749 1340 et
768 1280 950 1356 confiteamur,
964 1283 1031 1358 quia

137 1377 272 1435 Dominus
285 1382 375 1437 norici
388 1379 466 1438 d'coco
485 1379 620 1438 Ohrioica.
660 1379 679 1438 J
680 1397 743 1438 esus
757 1377 910 1448 Hebra'ioe,
926 1376 1029 1437 Latine

137 1471 269 1530 Salvator
287 1473 403 1532 dicitur.
445 1473 576 1532 Christus
599 1473 709 1547 Graece,
724 1471 829 1531 Latine
847 1471 960 1531 Unctus
979 1492 1029 1531 vo-

137 1579 229 1628 catur.
273 1568 357 1627 Jesus
380 1589 447 1644 ergo
471 1569 578 1628 dicitur
602 1589 634 1628 eo
656 1570 733 1646 quod
755 1568 848 1626 salvat
869 1567 1026 1643 populum:

138 1661 278 1733 christus,
289 1681 323 1719 eo
336 1664 413 1740 quod
427 1663 537 1740 Spiritu
552 1664 656 1722 Sancto
670 1663 809 1722 divinitus
823 1661 861 1720 sit
874 1662 1029 1733 delibutus,

137 1757 212 1816 sicut
231 1757 263 1816 in
282 1759 372 1834 ipsius
386 1759 494 1819 christi
508 1760 631 1818 Persona
644 1759 744 1818 Esaias
763 1759 814 1831 ait,
830 1756 958 1834 Spiritus
970 1759 1029 1817 Do-

136 1854 210 1912 mini
234 1873 315 1929 cuper
340 1874 388 1927 me,
412 1860 530 1930 propter
555 1856 627 1932 quod
650 1855 733 1914 accit
758 1874 808 1922 mc,
829 1857 879 1914 &o
925 1853 975 1912 Ita
1001 1858 1031 1913 et

136 1948 289 2008 Psalmista
316 1950 351 2008 de
381 1951 493 2010 Christo
519 1950 643 2009 Domino
669 1951 749 2024 dicit,
779 1950 863 2010 cccii
892 1957 919 2010 ie
944 1949 1029 2023 Deo,

136 2044 212 2103 Deio
226 2049 299 2117 tuos,
316 2046 370 2104 olco
382 2045 486 2107 latitia
493 2067 557 2122 prce
571 2046 737 2106 consortibus
751 2047 815 2105 icio.

175 2142 233 2200 Dei
244 2143 347 2216 lilius,
362 2144 438 2202 Dauo
453 2146 567 2219 puriter
580 2148 606 2202 ci
623 2144 698 2202 homo
712 2149 759 2201 eci.
801 2142 895 2202 Filius
907 2163 925 2202 a
937 2143 1029 2202 felici·

136 2240 199 2297 tate
217 2242 369 2312 parentum
382 2239 506 2299 dicitur:
528 2240 614 2297 homo
634 2239 669 2296 ab
683 2237 771 2296 humo
788 2238 909 2311 dicitur5
932 2238 1030 2309 idest,

137 2333 174 2392 dc
186 2334 274 2391 humo
288 2333 383 2394 factus
396 2342 448 2393 est.

176 2428 252 2486 Deua
265 2433 304 2487 eoi
321 2448 354 2487 ec
373 2429 526 2487 substantia
539 2428 638 2487 Patrio
651 2432 714 2486 onte
732 2427 829 2487 occulo
843 2428 973 2504 penitus:
1001 2427 1033 2487 id

138 2527 190 2595 est,
206 2525 286 2583 Deus
303 2526 338 2583 de
351 2527 420 2599 Deo,
437 2525 535 2583 lumen
553 2525 588 2583 de
605 2523 725 2599 lumino,
740 2523 871 2600 splendor
884 2525 919 2583 dc
937 2523 1031 2601 splen-

139 2620 215 2694 dore,
241 2620 323 2680 fortis
349 2621 385 2678 de
406 2619 483 2694 forti,
507 2619 600 2678 virtus
623 2620 659 2677 de
680 2619 798 2691 virtute,
819 2619 881 2678 vita
902 2620 937 2678 de
960 2618 1030 2691 vita,

141 2717 286 2775 aeternitas
305 2717 341 2774 de
361 2715 538 2777 eternitate:
560 2735 612 2792 per
631 2714 735 2786 omnia,
755 2715 832 2773 idom
851 2714 928 2790 quod
947 2715 1033 2772 Pater

140 2809 174 2868 in
186 2810 284 2871 divina
298 2812 459 2872 substantia
470 2812 524 2870 hoc
543 2815 586 2871 est
606 2814 636 2870 ct
648 2809 750 2884 Filius,
765 2810 844 2869 Deus
857 2809 934 2867 enim
947 2809 1034 2868 Pater

140 2908 236 2968 Deum
248 2909 358 2968 Filium
370 2907 480 2984 genuit,
496 2927 553 2965 non
566 2906 726 2975 voluntate,
739 2924 833 2983 neque
851 2905 1028 2978 necessitate,

142 3007 192 3066 sed
215 3011 328 3081 natura.
369 3006 431 3065 Nec
455 3010 601 3082 quaretur
624 3003 764 3080 quomodo
791 3002 892 3078 genuit
912 3001 1032 3071 Filium,

140 3108 218 3184 quod
244 3109 274 3165 et
300 3103 395 3180 angeli
420 3103 561 3173 nesciunt,
589 3099 737 3178 prophetis
768 3103 813 3158 cst
836 3097 1032 3173 incognitum:

140 3204 217 3262 unde
236 3200 360 3261 eximius
378 3199 518 3277 propheta
536 3197 635 3257 Esaias
655 3195 734 3269 dicit,
755 3194 961 3255 Generatioaon
978 3192 1034 3268 pico

140 3301 203 3380 quio
222 3297 388 3358 consciit?
417 3314 449 3353 ac
470 3294 495 3353 si
515 3293 630 3370 diceret,
656 3291 822 3367 angelorum
841 3289 949 3359 nullus,
969 3306 1034 3363 pro·

140 3397 295 3476 phetarum
316 3412 409 3454 nemo.
462 3393 525 3452 Nec
550 3390 750 3452 inenarrabilis
773 3394 804 3452 et
826 3387 1036 3451 inaestimabilis
