<?xml version="1.0" encoding="UTF-8"?>
<!DOCTYPE html PUBLIC "-//W3C//DTD XHTML 1.0 Transitional//EN"
    "http://www.w3.org/TR/xhtml1/DTD/xhtml1-transitional.dtd">
<html xmlns="http://www.w3.org/1999/xhtml" xml:lang="en" lang="en">
 <head>
  <title>
</title>
<meta http-equiv="Content-Type" content="text/html;charset=utf-8" />
  <meta name='ocr-system' content='tesseract 3.04.00' />
  <meta name='ocr-capabilities' content='ocr_page ocr_carea ocr_par ocr_line ocrx_word'/>
</head>
<body>
  <div class='ocr_page' id='page_1' title='image "./defideetsymbolo00heurgoog_0156.png"; bbox 0 0 2356 3780; ppageno 0'>
   <div class='ocr_carea' id='block_1_1' title="bbox 354 207 1025 264">
    <p class='ocr_par' dir='ltr' id='par_1_1' title="bbox 354 207 1025 264">
     <span class='ocr_line' id='line_1_1' title="bbox 354 207 1025 264; baseline -0.001 0"><span class='ocrx_word' id='word_1_1' title='bbox 354 222 390 263; x_wconf 81' lang='lat' dir='ltr'><strong>nr</strong></span> <span class='ocrx_word' id='word_1_2' title='bbox 409 222 564 264; x_wconf 82' lang='lat' dir='ltr'><strong>sruaosuu</strong></span> <span class='ocrx_word' id='word_1_3' title='bbox 583 221 795 262; x_wconf 75' lang='lat' dir='ltr'><strong>mosronoaun.</strong></span> <span class='ocrx_word' id='word_1_4' title='bbox 969 207 1025 263; x_wconf 88' lang='grc'><strong>143</strong></span> 
     </span>
    </p>
   </div>
   <div class='ocr_carea' id='block_1_2' title="bbox 123 388 1060 1318">
    <p class='ocr_par' dir='ltr' id='par_1_2' title="bbox 123 388 1060 1318">
     <span class='ocr_line' id='line_1_2' title="bbox 123 388 1028 450; baseline -0.001 -2"><span class='ocrx_word' id='word_1_5' title='bbox 123 388 202 448; x_wconf 88' lang='lat' dir='ltr'><strong>salus</strong></span> <span class='ocrx_word' id='word_1_6' title='bbox 216 409 233 448; x_wconf 90' lang='lat' dir='ltr'><strong>a</strong></span> <span class='ocrx_word' id='word_1_7' title='bbox 247 389 361 449; x_wconf 78' lang='lat' dir='ltr'><strong>Christo</strong></span> <span class='ocrx_word' id='word_1_8' title='bbox 375 389 481 449; x_wconf 87' lang='lat' dir='ltr'><strong>collata</strong></span> <span class='ocrx_word' id='word_1_9' title='bbox 494 388 542 449; x_wconf 89' lang='lat' dir='ltr'><strong>sit.</strong></span> <span class='ocrx_word' id='word_1_10' title='bbox 577 389 635 450; x_wconf 81' lang='lat' dir='ltr'><strong>Sed</strong></span> <span class='ocrx_word' id='word_1_11' title='bbox 648 392 678 448; x_wconf 88' lang='lat' dir='ltr'><strong>et</strong></span> <span class='ocrx_word' id='word_1_12' title='bbox 690 388 766 447; x_wconf 93' lang='lat' dir='ltr'><strong>illud</strong></span> <span class='ocrx_word' id='word_1_13' title='bbox 779 388 934 448; x_wconf 87' lang='lat' dir='ltr'><strong>concilium</strong></span> <span class='ocrx_word' id='word_1_14' title='bbox 945 388 1028 448; x_wconf 79' lang='lat' dir='ltr'><strong>vani-</strong></span> 
     </span>
     <span class='ocr_line' id='line_1_3' title="bbox 123 475 1028 563; baseline -0.001 -19"><span class='ocrx_word' id='word_1_15' title='bbox 123 485 194 545; x_wconf 90' lang='lat' dir='ltr'><strong>tatis</strong></span> <span class='ocrx_word' id='word_1_16' title='bbox 215 491 268 558; x_wconf 92' lang='lat' dir='ltr'><strong>est,</strong></span> <span class='ocrx_word' id='word_1_17' title='bbox 284 486 363 563; x_wconf 89' lang='lat' dir='ltr'><strong>quod</strong></span> <span class='ocrx_word' id='word_1_18' title='bbox 375 486 508 544; x_wconf 79' lang='lat' dir='ltr'><strong>Donatus</strong></span> <span class='ocrx_word' id='word_1_19' title='bbox 526 503 578 562; x_wconf 91' lang='lat' dir='ltr'><strong>per</strong></span> <span class='ocrx_word' id='word_1_20' title='bbox 591 484 729 558; x_wconf 84' lang='lat' dir='ltr'><strong>Africam,</strong></span> <span class='ocrx_word' id='word_1_21' title='bbox 745 475 909 544; x_wconf 85' lang='lat' dir='ltr'><strong>traditionis</strong></span> <span class='ocrx_word' id='word_1_22' title='bbox 927 485 1028 543; x_wconf 81' lang='lat' dir='ltr'><strong>Eccle-</strong></span> 
     </span>
     <span class='ocr_line' id='line_1_4' title="bbox 125 579 1028 657; baseline 0.001 -19"><span class='ocrx_word' id='word_1_23' title='bbox 125 579 197 639; x_wconf 90' lang='lat' dir='ltr'><strong>siam</strong></span> <span class='ocrx_word' id='word_1_24' title='bbox 217 581 404 654; x_wconf 79' lang='lat' dir='ltr'><strong>criminando,</strong></span> <span class='ocrx_word' id='word_1_25' title='bbox 421 580 575 654; x_wconf 76' lang='lat' dir='ltr'><strong>contraxit,</strong></span> <span class='ocrx_word' id='word_1_26' title='bbox 588 584 619 640; x_wconf 90' lang='lat' dir='ltr'><strong>et</strong></span> <span class='ocrx_word' id='word_1_27' title='bbox 639 580 717 657; x_wconf 90' lang='lat' dir='ltr'><strong>quod</strong></span> <span class='ocrx_word' id='word_1_28' title='bbox 736 581 870 639; x_wconf 88' lang='lat' dir='ltr'><strong>Novatus</strong></span> <span class='ocrx_word' id='word_1_29' title='bbox 891 579 1028 639; x_wconf 87' lang='lat' dir='ltr'><strong>sollicita·</strong></span> 
     </span>
     <span class='ocr_line' id='line_1_5' title="bbox 124 675 1026 754; baseline -0.001 -19"><span class='ocrx_word' id='word_1_30' title='bbox 124 675 179 750; x_wconf 81' lang='lat' dir='ltr'><strong>vit,</strong></span> <span class='ocrx_word' id='word_1_31' title='bbox 194 677 284 753; x_wconf 81' lang='lat' dir='ltr'><strong>lapsis</strong></span> <span class='ocrx_word' id='word_1_32' title='bbox 297 676 499 754; x_wconf 85' lang='lat' dir='ltr'><strong>poenitentiam</strong></span> <span class='ocrx_word' id='word_1_33' title='bbox 512 677 687 752; x_wconf 82' lang='lat' dir='ltr'><strong>denegando,</strong></span> <span class='ocrx_word' id='word_1_34' title='bbox 704 679 733 735; x_wconf 89' lang='lat' dir='ltr'><strong>et</strong></span> <span class='ocrx_word' id='word_1_35' title='bbox 747 676 888 735; x_wconf 90' lang='lat' dir='ltr'><strong>secundas</strong></span> <span class='ocrx_word' id='word_1_36' title='bbox 900 675 1026 752; x_wconf 80' lang='lat' dir='ltr'><strong>nuptias,</strong></span> 
     </span>
     <span class='ocr_line' id='line_1_6' title="bbox 126 771 1027 847; baseline -0.001 -18"><span class='ocrx_word' id='word_1_37' title='bbox 126 790 193 830; x_wconf 92' lang='lat' dir='ltr'><strong>oum</strong></span> <span class='ocrx_word' id='word_1_38' title='bbox 212 773 286 830; x_wconf 83' lang='lat' dir='ltr'><strong>forte</strong></span> <span class='ocrx_word' id='word_1_39' title='bbox 307 771 376 830; x_wconf 90' lang='lat' dir='ltr'><strong>iniri</strong></span> <span class='ocrx_word' id='word_1_40' title='bbox 397 791 445 831; x_wconf 85' lang='lat' dir='ltr'><strong>aas</strong></span> <span class='ocrx_word' id='word_1_41' title='bbox 466 771 622 831; x_wconf 72' lang='lat' dir='ltr'><strong>nenessitas</strong></span> <span class='ocrx_word' id='word_1_42' title='bbox 643 771 784 847; x_wconf 84' lang='lat' dir='ltr'><strong>exegerit,</strong></span> <span class='ocrx_word' id='word_1_43' title='bbox 805 771 1027 830; x_wconf 92' lang='lat' dir='ltr'><strong>condemnando.</strong></span> 
     </span>
     <span class='ocr_line' id='line_1_7' title="bbox 124 865 1026 942; baseline 0 -18"><span class='ocrx_word' id='word_1_44' title='bbox 124 865 190 925; x_wconf 89' lang='lat' dir='ltr'><strong>Has</strong></span> <span class='ocrx_word' id='word_1_45' title='bbox 212 886 280 942; x_wconf 87' lang='lat' dir='ltr'><strong>ergo</strong></span> <span class='ocrx_word' id='word_1_46' title='bbox 304 887 410 941; x_wconf 88' lang='lat' dir='ltr'><strong>omnes,</strong></span> <span class='ocrx_word' id='word_1_47' title='bbox 436 866 519 927; x_wconf 84' lang='lat' dir='ltr'><strong>velut</strong></span> <span class='ocrx_word' id='word_1_48' title='bbox 539 865 772 941; x_wconf 77' lang='lat' dir='ltr'><strong>congregationes</strong></span> <span class='ocrx_word' id='word_1_49' title='bbox 793 865 1026 941; x_wconf 82' lang='lat' dir='ltr'><strong>malignantium,</strong></span> 
     </span>
     <span class='ocr_line' id='line_1_8' title="bbox 123 959 1060 1039; baseline 0 -19"><span class='ocrx_word' id='word_1_50' title='bbox 123 962 202 1037; x_wconf 79' lang='lat' dir='ltr'><strong>fuge.</strong></span> <span class='ocrx_word' id='word_1_51' title='bbox 238 962 295 1021; x_wconf 84' lang='lat' dir='ltr'><strong>Sed</strong></span> <span class='ocrx_word' id='word_1_52' title='bbox 308 966 339 1022; x_wconf 90' lang='lat' dir='ltr'><strong>et</strong></span> <span class='ocrx_word' id='word_1_53' title='bbox 352 981 408 1036; x_wconf 89' lang='lat' dir='ltr'><strong>eos,</strong></span> <span class='ocrx_word' id='word_1_54' title='bbox 422 961 512 1039; x_wconf 88' lang='lat' dir='ltr'><strong>siqui</strong></span> <span class='ocrx_word' id='word_1_55' title='bbox 525 961 571 1020; x_wconf 94' lang='lat' dir='ltr'><strong>illi</strong></span> <span class='ocrx_word' id='word_1_56' title='bbox 584 965 662 1035; x_wconf 89' lang='lat' dir='ltr'><strong>sunt,</strong></span> <span class='ocrx_word' id='word_1_57' title='bbox 675 960 727 1038; x_wconf 88' lang='lat' dir='ltr'><strong>qui</strong></span> <span class='ocrx_word' id='word_1_58' title='bbox 741 959 879 1019; x_wconf 90' lang='lat' dir='ltr'><strong>dicuntur</strong></span> <span class='ocrx_word' id='word_1_59' title='bbox 892 979 1025 1035; x_wconf 84' lang='lat' dir='ltr'><strong>asserere,</strong></span> <span class='ocrx_word' id='word_1_60' title='bbox 1058 990 1060 996; x_wconf 35' lang='lat' dir='ltr'>v</span> 
     </span>
     <span class='ocr_line' id='line_1_9' title="bbox 123 1054 1026 1133; baseline 0 -19"><span class='ocrx_word' id='word_1_61' title='bbox 123 1057 202 1133; x_wconf 88' lang='lat' dir='ltr'><strong>quod</strong></span> <span class='ocrx_word' id='word_1_62' title='bbox 224 1057 320 1116; x_wconf 83' lang='lat' dir='ltr'><strong>Filius</strong></span> <span class='ocrx_word' id='word_1_63' title='bbox 340 1058 398 1116; x_wconf 88' lang='lat' dir='ltr'><strong>Dei</strong></span> <span class='ocrx_word' id='word_1_64' title='bbox 419 1077 479 1116; x_wconf 94' lang='lat' dir='ltr'><strong>non</strong></span> <span class='ocrx_word' id='word_1_65' title='bbox 506 1056 549 1117; x_wconf 90' lang='lat' dir='ltr'><strong>ita</strong></span> <span class='ocrx_word' id='word_1_66' title='bbox 572 1057 671 1116; x_wconf 84' lang='lat' dir='ltr'><strong>rideat</strong></span> <span class='ocrx_word' id='word_1_67' title='bbox 690 1056 739 1114; x_wconf 84' lang='lat' dir='ltr'><strong>vel</strong></span> <span class='ocrx_word' id='word_1_68' title='bbox 764 1054 878 1115; x_wconf 86' lang='lat' dir='ltr'><strong>noverit</strong></span> <span class='ocrx_word' id='word_1_69' title='bbox 900 1056 1026 1131; x_wconf 84' lang='lat' dir='ltr'><strong>Patrem,</strong></span> 
     </span>
     <span class='ocr_line' id='line_1_10' title="bbox 124 1149 1029 1229; baseline 0.002 -21"><span class='ocrx_word' id='word_1_70' title='bbox 124 1149 201 1210; x_wconf 91' lang='lat' dir='ltr'><strong>sicut</strong></span> <span class='ocrx_word' id='word_1_71' title='bbox 226 1152 355 1212; x_wconf 85' lang='lat' dir='ltr'><strong>noscitur</strong></span> <span class='ocrx_word' id='word_1_72' title='bbox 379 1153 447 1229; x_wconf 89' lang='lat' dir='ltr'><strong>Ipse</strong></span> <span class='ocrx_word' id='word_1_73' title='bbox 475 1156 505 1212; x_wconf 92' lang='lat' dir='ltr'><strong>et</strong></span> <span class='ocrx_word' id='word_1_74' title='bbox 527 1151 643 1211; x_wconf 83' lang='lat' dir='ltr'><strong>videtur</strong></span> <span class='ocrx_word' id='word_1_75' title='bbox 665 1152 805 1224; x_wconf 83' lang='lat' dir='ltr'><strong>aPatre3</strong></span> <span class='ocrx_word' id='word_1_76' title='bbox 834 1149 883 1209; x_wconf 89' lang='lat' dir='ltr'><strong>vel</strong></span> <span class='ocrx_word' id='word_1_77' title='bbox 905 1171 1029 1226; x_wconf 88' lang='lat' dir='ltr'><strong>regnum</strong></span> 
     </span>
     <span class='ocr_line' id='line_1_11' title="bbox 127 1245 1029 1318; baseline 0.003 -14"><span class='ocrx_word' id='word_1_78' title='bbox 127 1245 236 1305; x_wconf 77' lang='lat' dir='ltr'><strong>Christi</strong></span> <span class='ocrx_word' id='word_1_79' title='bbox 256 1250 316 1307; x_wconf 85' lang='lat' dir='ltr'><strong>esse</strong></span> <span class='ocrx_word' id='word_1_80' title='bbox 334 1248 513 1318; x_wconf 78' lang='lat' dir='ltr'><strong>finiendum3</strong></span> <span class='ocrx_word' id='word_1_81' title='bbox 535 1251 587 1307; x_wconf 87' lang='lat' dir='ltr'><strong>ant</strong></span> <span class='ocrx_word' id='word_1_82' title='bbox 605 1246 698 1305; x_wconf 90' lang='lat' dir='ltr'><strong>carnis</strong></span> <span class='ocrx_word' id='word_1_83' title='bbox 716 1246 955 1305; x_wconf 73' lang='lat' dir='ltr'><strong>resurrectionem</strong></span> <span class='ocrx_word' id='word_1_84' title='bbox 971 1266 1029 1307; x_wconf 91' lang='lat' dir='ltr'><strong>nou</strong></span> 
     </span>
    </p>
   </div>
   <div class='ocr_carea' id='block_1_3' title="bbox 30 1339 1029 1418">
    <p class='ocr_par' dir='ltr' id='par_1_3' title="bbox 30 1339 1029 1418">
     <span class='ocr_line' id='line_1_12' title="bbox 30 1339 1029 1418; baseline 0.003 -20"><span class='ocrx_word' id='word_1_85' title='bbox 30 1380 33 1389; x_wconf 85' lang='lat'>·</span> <span class='ocrx_word' id='word_1_86' title='bbox 125 1339 158 1399; x_wconf 93' lang='lat' dir='ltr'><strong>in</strong></span> <span class='ocrx_word' id='word_1_87' title='bbox 170 1341 315 1416; x_wconf 88' lang='lat' dir='ltr'><strong>integram</strong></span> <span class='ocrx_word' id='word_1_88' title='bbox 333 1353 445 1402; x_wconf 82' lang='lat' dir='ltr'><strong>naturae</strong></span> <span class='ocrx_word' id='word_1_89' title='bbox 466 1361 527 1402; x_wconf 83' lang='lat' dir='ltr'><strong>suae</strong></span> <span class='ocrx_word' id='word_1_90' title='bbox 548 1341 740 1401; x_wconf 87' lang='lat' dir='ltr'><strong>substantiam</strong></span> <span class='ocrx_word' id='word_1_91' title='bbox 754 1343 960 1418; x_wconf 70' lang='lat' dir='ltr'><strong>reparandam</strong></span> <span class='ocrx_word' id='word_1_92' title='bbox 982 1342 1029 1401; x_wconf 81' lang='lat' dir='ltr'><strong>lu·</strong></span> 
     </span>
    </p>
   </div>
   <div class='ocr_carea' id='block_1_4' title="bbox 121 1437 1029 3147">
    <p class='ocr_par' dir='ltr' id='par_1_4' title="bbox 121 1437 1029 2553">
     <span class='ocr_line' id='line_1_13' title="bbox 124 1437 1029 1515; baseline 0.002 -21"><span class='ocrx_word' id='word_1_93' title='bbox 124 1439 225 1494; x_wconf 92' lang='lat' dir='ltr'><strong>turum</strong></span> <span class='ocrx_word' id='word_1_94' title='bbox 243 1437 299 1495; x_wconf 89' lang='lat' dir='ltr'><strong>Dei</strong></span> <span class='ocrx_word' id='word_1_95' title='bbox 316 1439 430 1515; x_wconf 86' lang='lat' dir='ltr'><strong>justum</strong></span> <span class='ocrx_word' id='word_1_96' title='bbox 450 1458 518 1514; x_wconf 84' lang='lat' dir='ltr'><strong>erga</strong></span> <span class='ocrx_word' id='word_1_97' title='bbox 538 1457 634 1496; x_wconf 90' lang='lat' dir='ltr'><strong>omnes</strong></span> <span class='ocrx_word' id='word_1_98' title='bbox 653 1457 759 1513; x_wconf 88' lang='lat' dir='ltr'><strong>negare</strong></span> <span class='ocrx_word' id='word_1_99' title='bbox 775 1437 936 1514; x_wconf 70' lang='lat' dir='ltr'><strong>judicium</strong></span> <span class='ocrx_word' id='word_1_100' title='bbox 958 1437 1029 1496; x_wconf 90' lang='lat' dir='ltr'><strong>Dia·</strong></span> 
     </span>
     <span class='ocr_line' id='line_1_14' title="bbox 124 1519 1025 1610; baseline 0.003 -20"><span class='ocrx_word' id='word_1_101' title='bbox 124 1532 224 1592; x_wconf 93' lang='lat' dir='ltr'><strong>holum</strong></span> <span class='ocrx_word' id='word_1_102' title='bbox 237 1553 254 1592; x_wconf 99' lang='lat' dir='ltr'><strong>a</strong></span> <span class='ocrx_word' id='word_1_103' title='bbox 267 1534 365 1594; x_wconf 91' lang='lat' dir='ltr'><strong>dehita</strong></span> <span class='ocrx_word' id='word_1_104' title='bbox 378 1534 489 1594; x_wconf 88' lang='lat' dir='ltr'><strong>absolvi</strong></span> <span class='ocrx_word' id='word_1_105' title='bbox 498 1519 692 1601; x_wconf 38' lang='lat' dir='ltr'><strong>‘damnatione</strong></span> <span class='ocrx_word' id='word_1_106' title='bbox 705 1552 866 1610; x_wconf 79' lang='lat' dir='ltr'><strong>poenarum.</strong></span> <span class='ocrx_word' id='word_1_107' title='bbox 908 1535 955 1592; x_wconf 86' lang='lat' dir='ltr'><strong>Ab</strong></span> <span class='ocrx_word' id='word_1_108' title='bbox 970 1533 1025 1608; x_wconf 93' lang='lat' dir='ltr'><strong>his,</strong></span> 
     </span>
     <span class='ocr_line' id='line_1_15' title="bbox 123 1628 1027 1707; baseline 0.003 -20"><span class='ocrx_word' id='word_1_109' title='bbox 123 1628 252 1707; x_wconf 87' lang='lat' dir='ltr'><strong>inquam,</strong></span> <span class='ocrx_word' id='word_1_110' title='bbox 266 1631 399 1689; x_wconf 90' lang='lat' dir='ltr'><strong>omnibus</strong></span> <span class='ocrx_word' id='word_1_111' title='bbox 413 1630 507 1689; x_wconf 89' lang='lat' dir='ltr'><strong>fidelis</strong></span> <span class='ocrx_word' id='word_1_112' title='bbox 517 1629 643 1689; x_wconf 90' lang='lat' dir='ltr'><strong>declinet</strong></span> <span class='ocrx_word' id='word_1_113' title='bbox 656 1630 783 1689; x_wconf 87' lang='lat' dir='ltr'><strong>auditus.</strong></span> <span class='ocrx_word' id='word_1_114' title='bbox 813 1629 948 1689; x_wconf 78' lang='lat' dir='ltr'><strong>Sanctam</strong></span> <span class='ocrx_word' id='word_1_115' title='bbox 959 1649 1027 1690; x_wconf 87' lang='lat' dir='ltr'><strong>vero</strong></span> 
     </span>
     <span class='ocr_line' id='line_1_16' title="bbox 123 1725 1029 1805; baseline 0.003 -22"><span class='ocrx_word' id='word_1_116' title='bbox 123 1726 283 1786; x_wconf 85' lang='lat' dir='ltr'><strong>Ecclesiam</strong></span> <span class='ocrx_word' id='word_1_117' title='bbox 302 1730 378 1799; x_wconf 90' lang='lat' dir='ltr'><strong>teuc,</strong></span> <span class='ocrx_word' id='word_1_118' title='bbox 402 1746 468 1805; x_wconf 86' lang='lat' dir='ltr'><strong>quae</strong></span> <span class='ocrx_word' id='word_1_119' title='bbox 488 1727 585 1784; x_wconf 89' lang='lat' dir='ltr'><strong>Deum</strong></span> <span class='ocrx_word' id='word_1_120' title='bbox 604 1725 721 1786; x_wconf 89' lang='lat' dir='ltr'><strong>Patrem</strong></span> <span class='ocrx_word' id='word_1_121' title='bbox 741 1725 975 1803; x_wconf 89' lang='lat' dir='ltr'><strong>omnipotentem,</strong></span> <span class='ocrx_word' id='word_1_122' title='bbox 998 1730 1029 1786; x_wconf 87' lang='lat' dir='ltr'><strong>et</strong></span> 
     </span>
     <span class='ocr_line' id='line_1_17' title="bbox 122 1822 1026 1901; baseline 0.001 -20"><span class='ocrx_word' id='word_1_123' title='bbox 122 1822 242 1882; x_wconf 91' lang='lat' dir='ltr'><strong>unicum</strong></span> <span class='ocrx_word' id='word_1_124' title='bbox 262 1824 372 1882; x_wconf 83' lang='lat' dir='ltr'><strong>Filium</strong></span> <span class='ocrx_word' id='word_1_125' title='bbox 386 1824 468 1901; x_wconf 82' lang='lat' dir='ltr'><strong>Ejus,</strong></span> <span class='ocrx_word' id='word_1_126' title='bbox 483 1823 585 1882; x_wconf 87' lang='lat' dir='ltr'><strong>Jesum</strong></span> <span class='ocrx_word' id='word_1_127' title='bbox 605 1822 762 1896; x_wconf 80' lang='lat' dir='ltr'><strong>Christum,</strong></span> <span class='ocrx_word' id='word_1_128' title='bbox 784 1822 941 1881; x_wconf 87' lang='lat' dir='ltr'><strong>Dominum</strong></span> <span class='ocrx_word' id='word_1_129' title='bbox 961 1843 1026 1882; x_wconf 84' lang='lat' dir='ltr'><strong>nos-</strong></span> 
     </span>
     <span class='ocr_line' id='line_1_18' title="bbox 123 1919 1027 1998; baseline -0.001 -20"><span class='ocrx_word' id='word_1_130' title='bbox 123 1924 210 1992; x_wconf 91' lang='lat' dir='ltr'><strong>trum,</strong></span> <span class='ocrx_word' id='word_1_131' title='bbox 232 1924 262 1979; x_wconf 90' lang='lat' dir='ltr'><strong>ct</strong></span> <span class='ocrx_word' id='word_1_132' title='bbox 284 1920 425 1998; x_wconf 87' lang='lat' dir='ltr'><strong>Spiritum</strong></span> <span class='ocrx_word' id='word_1_133' title='bbox 447 1920 595 1991; x_wconf 80' lang='lat' dir='ltr'><strong>Sanctum,</strong></span> <span class='ocrx_word' id='word_1_134' title='bbox 617 1919 749 1978; x_wconf 87' lang='lat' dir='ltr'><strong>concordi</strong></span> <span class='ocrx_word' id='word_1_135' title='bbox 769 1922 799 1978; x_wconf 92' lang='lat' dir='ltr'><strong>et</strong></span> <span class='ocrx_word' id='word_1_136' title='bbox 817 1938 941 1978; x_wconf 87' lang='lat' dir='ltr'><strong>consona</strong></span> <span class='ocrx_word' id='word_1_137' title='bbox 960 1920 1027 1978; x_wconf 85' lang='lat' dir='ltr'><strong>sub-</strong></span> 
     </span>
     <span class='ocr_line' id='line_1_19' title="bbox 124 2015 1029 2093; baseline 0.002 -20"><span class='ocrx_word' id='word_1_138' title='bbox 124 2017 238 2075; x_wconf 84' lang='lat' dir='ltr'><strong>stantiae</strong></span> <span class='ocrx_word' id='word_1_139' title='bbox 262 2017 383 2091; x_wconf 88' lang='lat' dir='ltr'><strong>ratione,</strong></span> <span class='ocrx_word' id='word_1_140' title='bbox 407 2017 570 2093; x_wconf 83' lang='lat' dir='ltr'><strong>profitetur,</strong></span> <span class='ocrx_word' id='word_1_141' title='bbox 595 2016 764 2093; x_wconf 83' lang='lat' dir='ltr'><strong>Filiumqua</strong></span> <span class='ocrx_word' id='word_1_142' title='bbox 787 2015 843 2074; x_wconf 91' lang='lat' dir='ltr'><strong>Dei</strong></span> <span class='ocrx_word' id='word_1_143' title='bbox 863 2019 966 2075; x_wconf 85' lang='lat' dir='ltr'><strong>natum</strong></span> <span class='ocrx_word' id='word_1_144' title='bbox 990 2036 1029 2075; x_wconf 90' lang='lat' dir='ltr'><strong>ex</strong></span> 
     </span>
     <span class='ocr_line' id='line_1_20' title="bbox 123 2109 1029 2190; baseline 0.003 -22"><span class='ocrx_word' id='word_1_145' title='bbox 123 2109 246 2185; x_wconf 80' lang='lat' dir='ltr'><strong>virgine,</strong></span> <span class='ocrx_word' id='word_1_146' title='bbox 272 2132 389 2189; x_wconf 88' lang='lat' dir='ltr'><strong>passum</strong></span> <span class='ocrx_word' id='word_1_147' title='bbox 416 2132 468 2190; x_wconf 91' lang='lat' dir='ltr'><strong>pro</strong></span> <span class='ocrx_word' id='word_1_148' title='bbox 496 2113 589 2172; x_wconf 86' lang='lat' dir='ltr'><strong>saluta</strong></span> <span class='ocrx_word' id='word_1_149' title='bbox 618 2113 754 2185; x_wconf 89' lang='lat' dir='ltr'><strong>humana,</strong></span> <span class='ocrx_word' id='word_1_150' title='bbox 780 2131 813 2169; x_wconf 90' lang='lat' dir='ltr'><strong>ac</strong></span> <span class='ocrx_word' id='word_1_151' title='bbox 839 2111 1029 2171; x_wconf 85' lang='lat' dir='ltr'><strong>resurrexisse</strong></span> 
     </span>
     <span class='ocr_line' id='line_1_21' title="bbox 122 2205 1027 2285; baseline 0.003 -23"><span class='ocrx_word' id='word_1_152' title='bbox 122 2224 140 2262; x_wconf 87' lang='lat' dir='ltr'><strong>a</strong></span> <span class='ocrx_word' id='word_1_153' title='bbox 162 2206 284 2265; x_wconf 87' lang='lat' dir='ltr'><strong>mortuis</strong></span> <span class='ocrx_word' id='word_1_154' title='bbox 305 2207 338 2266; x_wconf 93' lang='lat' dir='ltr'><strong>in</strong></span> <span class='ocrx_word' id='word_1_155' title='bbox 358 2227 392 2267; x_wconf 93' lang='lat' dir='ltr'><strong>ea</strong></span> <span class='ocrx_word' id='word_1_156' title='bbox 413 2228 497 2267; x_wconf 91' lang='lat' dir='ltr'><strong>carnc</strong></span> <span class='ocrx_word' id='word_1_157' title='bbox 516 2207 548 2265; x_wconf 94' lang='lat' dir='ltr'><strong>in</strong></span> <span class='ocrx_word' id='word_1_158' title='bbox 569 2227 627 2285; x_wconf 92' lang='lat' dir='ltr'><strong>qua</strong></span> <span class='ocrx_word' id='word_1_159' title='bbox 646 2211 733 2265; x_wconf 89' lang='lat' dir='ltr'><strong>natus</strong></span> <span class='ocrx_word' id='word_1_160' title='bbox 752 2209 796 2265; x_wconf 87' lang='lat' dir='ltr'><strong>est</strong></span> <span class='ocrx_word' id='word_1_161' title='bbox 817 2205 924 2274; x_wconf 88' lang='lat' dir='ltr'><strong>credit;</strong></span> <span class='ocrx_word' id='word_1_162' title='bbox 946 2206 1027 2265; x_wconf 88' lang='lat' dir='ltr'><strong>Eun·</strong></span> 
     </span>
     <span class='ocr_line' id='line_1_22' title="bbox 121 2300 1027 2378; baseline 0.003 -21"><span class='ocrx_word' id='word_1_163' title='bbox 121 2300 188 2358; x_wconf 89' lang='lat' dir='ltr'><strong>dem</strong></span> <span class='ocrx_word' id='word_1_164' title='bbox 212 2302 337 2378; x_wconf 84' lang='lat' dir='ltr'><strong>denique</strong></span> <span class='ocrx_word' id='word_1_165' title='bbox 359 2308 515 2363; x_wconf 87' lang='lat' dir='ltr'><strong>venturum</strong></span> <span class='ocrx_word' id='word_1_166' title='bbox 538 2303 672 2361; x_wconf 84' lang='lat' dir='ltr'><strong>Judioem</strong></span> <span class='ocrx_word' id='word_1_167' title='bbox 698 2301 828 2360; x_wconf 91' lang='lat' dir='ltr'><strong>omnium</strong></span> <span class='ocrx_word' id='word_1_168' title='bbox 855 2304 968 2377; x_wconf 83' lang='lat' dir='ltr'><strong>sperat3</strong></span> <span class='ocrx_word' id='word_1_169' title='bbox 995 2302 1027 2360; x_wconf 91' lang='lat' dir='ltr'><strong>in</strong></span> 
     </span>
     <span class='ocr_line' id='line_1_23' title="bbox 123 2396 1027 2475; baseline 0.003 -23"><span class='ocrx_word' id='word_1_170' title='bbox 123 2414 181 2472; x_wconf 93' lang='lat' dir='ltr'><strong>quo</strong></span> <span class='ocrx_word' id='word_1_171' title='bbox 199 2400 231 2456; x_wconf 93' lang='lat' dir='ltr'><strong>et</strong></span> <span class='ocrx_word' id='word_1_172' title='bbox 249 2397 378 2456; x_wconf 88' lang='lat' dir='ltr'><strong>remissio</strong></span> <span class='ocrx_word' id='word_1_173' title='bbox 398 2401 582 2475; x_wconf 89' lang='lat' dir='ltr'><strong>peccatorum</strong></span> <span class='ocrx_word' id='word_1_174' title='bbox 599 2401 630 2456; x_wconf 93' lang='lat' dir='ltr'><strong>et</strong></span> <span class='ocrx_word' id='word_1_175' title='bbox 649 2397 743 2456; x_wconf 90' lang='lat' dir='ltr'><strong>carnis</strong></span> <span class='ocrx_word' id='word_1_176' title='bbox 762 2396 934 2456; x_wconf 88' lang='lat' dir='ltr'><strong>resurrectio</strong></span> <span class='ocrx_word' id='word_1_177' title='bbox 953 2415 1027 2472; x_wconf 83' lang='lat' dir='ltr'><strong>prae-</strong></span> 
     </span>
     <span class='ocr_line' id='line_1_24' title="bbox 125 2493 247 2553; baseline 0 -1"><span class='ocrx_word' id='word_1_178' title='bbox 125 2493 247 2553; x_wconf 89' lang='lat' dir='ltr'><strong>dicatur.</strong></span> 
     </span>
    </p>

    <p class='ocr_par' dir='ltr' id='par_1_5' title="bbox 122 2590 1028 3147">
     <span class='ocr_line' id='line_1_25' title="bbox 162 2590 1027 2652; baseline -0.001 -2"><span class='ocrx_word' id='word_1_179' title='bbox 162 2597 211 2652; x_wconf 88' lang='lat'><strong>40.</strong></span> <span class='ocrx_word' id='word_1_180' title='bbox 232 2592 343 2651; x_wconf 90' lang='lat' dir='ltr'><strong>Verum</strong></span> <span class='ocrx_word' id='word_1_181' title='bbox 364 2592 399 2650; x_wconf 92' lang='lat' dir='ltr'><strong>de</strong></span> <span class='ocrx_word' id='word_1_182' title='bbox 422 2608 595 2650; x_wconf 81' lang='lat' dir='ltr'><strong>nnmssroru</strong></span> <span class='ocrx_word' id='word_1_183' title='bbox 618 2608 802 2650; x_wconf 73' lang='lat' dir='ltr'><strong>racemorum</strong></span> <span class='ocrx_word' id='word_1_184' title='bbox 828 2590 957 2649; x_wconf 86' lang='lat' dir='ltr'><strong>sufficere</strong></span> <span class='ocrx_word' id='word_1_185' title='bbox 979 2590 1027 2650; x_wconf 90' lang='lat' dir='ltr'><strong>de-</strong></span> 
     </span>
     <span class='ocr_line' id='line_1_26' title="bbox 123 2685 1027 2753; baseline 0 -9"><span class='ocrx_word' id='word_1_186' title='bbox 123 2687 174 2747; x_wconf 88' lang='lat' dir='ltr'><strong>bet</strong></span> <span class='ocrx_word' id='word_1_187' title='bbox 198 2688 257 2746; x_wconf 89' lang='lat' dir='ltr'><strong>sola</strong></span> <span class='ocrx_word' id='word_1_188' title='bbox 281 2687 444 2747; x_wconf 87' lang='lat' dir='ltr'><strong>credulitas.</strong></span> <span class='ocrx_word' id='word_1_189' title='bbox 487 2686 560 2753; x_wconf 78' lang='lat' dir='ltr'><strong>uuis</strong></span> <span class='ocrx_word' id='word_1_190' title='bbox 583 2686 661 2744; x_wconf 88' lang='lat' dir='ltr'><strong>enim</strong></span> <span class='ocrx_word' id='word_1_191' title='bbox 686 2705 784 2744; x_wconf 87' lang='lat' dir='ltr'><strong>causas</strong></span> <span class='ocrx_word' id='word_1_192' title='bbox 808 2689 860 2744; x_wconf 91' lang='lat' dir='ltr'><strong>aut</strong></span> <span class='ocrx_word' id='word_1_193' title='bbox 884 2685 1027 2744; x_wconf 89' lang='lat' dir='ltr'><strong>rationem</strong></span> 
     </span>
     <span class='ocr_line' id='line_1_27' title="bbox 123 2779 1028 2859; baseline 0.001 -19"><span class='ocrx_word' id='word_1_194' title='bbox 123 2782 261 2858; x_wconf 88' lang='lat' dir='ltr'><strong>requirat,</strong></span> <span class='ocrx_word' id='word_1_195' title='bbox 284 2783 335 2841; x_wconf 90' lang='lat' dir='ltr'><strong>ubi</strong></span> <span class='ocrx_word' id='word_1_196' title='bbox 356 2782 538 2859; x_wconf 87' lang='lat' dir='ltr'><strong>indulgentia</strong></span> <span class='ocrx_word' id='word_1_197' title='bbox 557 2781 701 2858; x_wconf 89' lang='lat' dir='ltr'><strong>Principis</strong></span> <span class='ocrx_word' id='word_1_198' title='bbox 720 2779 786 2839; x_wconf 90' lang='lat' dir='ltr'><strong>est?</strong></span> <span class='ocrx_word' id='word_1_199' title='bbox 828 2782 901 2840; x_wconf 82' lang='grc'>011111</span> <span class='ocrx_word' id='word_1_200' title='bbox 921 2780 1028 2842; x_wconf 89' lang='lat' dir='ltr'><strong>terreni</strong></span> 
     </span>
     <span class='ocr_line' id='line_1_28' title="bbox 122 2876 1026 2952; baseline 0.002 -18"><span class='ocrx_word' id='word_1_201' title='bbox 122 2879 199 2952; x_wconf 86' lang='lat' dir='ltr'><strong>regis</strong></span> <span class='ocrx_word' id='word_1_202' title='bbox 225 2879 385 2939; x_wconf 87' lang='lat' dir='ltr'><strong>liberalitas</strong></span> <span class='ocrx_word' id='word_1_203' title='bbox 408 2878 579 2938; x_wconf 88' lang='lat' dir='ltr'><strong>discussioni</strong></span> <span class='ocrx_word' id='word_1_204' title='bbox 605 2896 665 2936; x_wconf 93' lang='lat' dir='ltr'><strong>non</strong></span> <span class='ocrx_word' id='word_1_205' title='bbox 688 2876 726 2937; x_wconf 90' lang='lat' dir='ltr'><strong>sit</strong></span> <span class='ocrx_word' id='word_1_206' title='bbox 749 2876 883 2950; x_wconf 87' lang='lat' dir='ltr'><strong>obnoxia,</strong></span> <span class='ocrx_word' id='word_1_207' title='bbox 911 2879 946 2935; x_wconf 94' lang='lat' dir='ltr'><strong>ab</strong></span> <span class='ocrx_word' id='word_1_208' title='bbox 970 2877 1026 2936; x_wconf 91' lang='lat' dir='ltr'><strong>hu·</strong></span> 
     </span>
     <span class='ocr_line' id='line_1_29' title="bbox 122 2969 1027 3051; baseline 0.001 -21"><span class='ocrx_word' id='word_1_209' title='bbox 122 2993 208 3032; x_wconf 87' lang='lat' dir='ltr'><strong>mana</strong></span> <span class='ocrx_word' id='word_1_210' title='bbox 239 2975 403 3034; x_wconf 89' lang='lat' dir='ltr'><strong>temeritate</strong></span> <span class='ocrx_word' id='word_1_211' title='bbox 433 2975 590 3034; x_wconf 86' lang='lat' dir='ltr'><strong>discutitur</strong></span> <span class='ocrx_word' id='word_1_212' title='bbox 616 2973 717 3032; x_wconf 86' lang='lat' dir='ltr'><strong>diviua</strong></span> <span class='ocrx_word' id='word_1_213' title='bbox 741 2969 883 3051; x_wconf 85' lang='lat' dir='ltr'><strong>largitio?</strong></span> <span class='ocrx_word' id='word_1_214' title='bbox 926 2971 1027 3032; x_wconf 80' lang='lat' dir='ltr'><strong>Solent</strong></span> 
     </span>
     <span class='ocr_line' id='line_1_30' title="bbox 123 3070 1027 3147; baseline 0 -19"><span class='ocrx_word' id='word_1_215' title='bbox 123 3070 200 3128; x_wconf 90' lang='lat' dir='ltr'><strong>enim</strong></span> <span class='ocrx_word' id='word_1_216' title='bbox 221 3090 287 3129; x_wconf 91' lang='lat' dir='ltr'><strong>cum</strong></span> <span class='ocrx_word' id='word_1_217' title='bbox 307 3070 438 3132; x_wconf 89' lang='lat' dir='ltr'><strong>irrisione</strong></span> <span class='ocrx_word' id='word_1_218' title='bbox 458 3073 610 3131; x_wconf 86' lang='lat' dir='ltr'><strong>adversum</strong></span> <span class='ocrx_word' id='word_1_219' title='bbox 629 3090 682 3129; x_wconf 92' lang='lat' dir='ltr'><strong>nos</strong></span> <span class='ocrx_word' id='word_1_220' title='bbox 702 3070 796 3129; x_wconf 88' lang='lat' dir='ltr'><strong>dicero</strong></span> <span class='ocrx_word' id='word_1_221' title='bbox 813 3070 932 3146; x_wconf 79' lang='lat' dir='ltr'><strong>Pagani,</strong></span> <span class='ocrx_word' id='word_1_222' title='bbox 948 3071 1027 3147; x_wconf 92' lang='lat' dir='ltr'><strong>quod</strong></span> 
     </span>
    </p>
   </div>
   <div class='ocr_carea' id='block_1_5' title="bbox 121 3164 1026 3438">
    <p class='ocr_par' dir='ltr' id='par_1_6' title="bbox 121 3164 1026 3438">
     <span class='ocr_line' id='line_1_31' title="bbox 121 3164 1026 3246; baseline 0.003 -24"><span class='ocrx_word' id='word_1_223' title='bbox 121 3164 179 3241; x_wconf 89' lang='lat' dir='ltr'><strong>ipsi</strong></span> <span class='ocrx_word' id='word_1_224' title='bbox 198 3185 251 3224; x_wconf 91' lang='lat' dir='ltr'><strong>nos</strong></span> <span class='ocrx_word' id='word_1_225' title='bbox 272 3166 456 3243; x_wconf 89' lang='lat' dir='ltr'><strong>decipiamus,</strong></span> <span class='ocrx_word' id='word_1_226' title='bbox 474 3167 526 3246; x_wconf 90' lang='lat' dir='ltr'><strong>qui</strong></span> <span class='ocrx_word' id='word_1_227' title='bbox 545 3170 683 3243; x_wconf 91' lang='lat' dir='ltr'><strong>putemus</strong></span> <span class='ocrx_word' id='word_1_228' title='bbox 703 3165 833 3239; x_wconf 84' lang='lat' dir='ltr'><strong>crimina,</strong></span> <span class='ocrx_word' id='word_1_229' title='bbox 856 3185 921 3242; x_wconf 88' lang='lat' dir='ltr'><strong>quac</strong></span> <span class='ocrx_word' id='word_1_230' title='bbox 942 3186 1026 3243; x_wconf 88' lang='lat' dir='ltr'><strong>opere</strong></span> 
     </span>
     <span class='ocr_line' id='line_1_32' title="bbox 123 3261 1024 3341; baseline 0.002 -21"><span class='ocrx_word' id='word_1_231' title='bbox 123 3262 273 3321; x_wconf 88' lang='lat' dir='ltr'><strong>commissa</strong></span> <span class='ocrx_word' id='word_1_232' title='bbox 287 3272 363 3337; x_wconf 90' lang='lat' dir='ltr'><strong>sunt,</strong></span> <span class='ocrx_word' id='word_1_233' title='bbox 380 3264 476 3323; x_wconf 86' lang='lat' dir='ltr'><strong>verbis</strong></span> <span class='ocrx_word' id='word_1_234' title='bbox 488 3283 571 3341; x_wconf 88' lang='lat' dir='ltr'><strong>posse</strong></span> <span class='ocrx_word' id='word_1_235' title='bbox 584 3261 713 3341; x_wconf 82' lang='lat' dir='ltr'><strong>purgari.</strong></span> <span class='ocrx_word' id='word_1_236' title='bbox 746 3263 787 3320; x_wconf 87' lang='lat' dir='ltr'><strong>Et</strong></span> <span class='ocrx_word' id='word_1_237' title='bbox 800 3261 891 3337; x_wconf 88' lang='lat' dir='ltr'><strong>aiunt,</strong></span> <span class='ocrx_word' id='word_1_238' title='bbox 911 3266 930 3295; x_wconf 92' lang='lat'><strong>“</strong></span> <span class='ocrx_word' id='word_1_239' title='bbox 939 3263 1024 3322; x_wconf 90' lang='lat' dir='ltr'><strong>Nun-</strong></span> 
     </span>
     <span class='ocr_line' id='line_1_33' title="bbox 124 3357 1016 3438; baseline 0.002 -21"><span class='ocrx_word' id='word_1_240' title='bbox 124 3358 195 3436; x_wconf 90' lang='lat' dir='ltr'><strong>quid</strong></span> <span class='ocrx_word' id='word_1_241' title='bbox 217 3362 311 3436; x_wconf 86' lang='lat' dir='ltr'><strong>potest</strong></span> <span class='ocrx_word' id='word_1_242' title='bbox 329 3361 380 3438; x_wconf 91' lang='lat' dir='ltr'><strong>qui</strong></span> <span class='ocrx_word' id='word_1_243' title='bbox 400 3359 588 3420; x_wconf 88' lang='lat' dir='ltr'><strong>homicidium</strong></span> <span class='ocrx_word' id='word_1_244' title='bbox 606 3357 677 3418; x_wconf 87' lang='lat' dir='ltr'><strong>fecit</strong></span> <span class='ocrx_word' id='word_1_245' title='bbox 699 3358 843 3419; x_wconf 89' lang='lat' dir='ltr'><strong>homicida</strong></span> <span class='ocrx_word' id='word_1_246' title='bbox 865 3379 924 3417; x_wconf 91' lang='lat' dir='ltr'><strong>non</strong></span> <span class='ocrx_word' id='word_1_247' title='bbox 945 3377 1016 3433; x_wconf 85' lang='lat' dir='ltr'><strong>essa,</strong></span> 
     </span>
    </p>
   </div>
   <div class='ocr_carea' id='block_1_6' title="bbox 0 0 1182 3780">
    <p class='ocr_par' dir='ltr' id='par_1_7' title="bbox 0 0 1182 3780">
     <span class='ocr_line' id='line_1_34' title="bbox 0 0 1182 3780; baseline 0 0"><span class='ocrx_word' id='word_1_248' title='bbox 0 0 1182 3780; x_wconf 95' lang='lat' dir='ltr'><strong> </strong></span> 
     </span>
    </p>
   </div>
  </div>
 </body>
</html>
