2356 3780
132 104 140 127 ‹

133 212 136 219 '
181 204 219 261 22
503 221 654 261 nmmo
674 219 757 262 mm
779 253 781 256 ,

177 392 303 466 μακαρίου
330 393 472 467 Κυρίλλου,
496 396 543 448 τοῦ
569 394 614 462 τῆς
636 390 829 463 Ἀλεξανδρέων
850 390 1007 460 Ἐκκλησίας
1031 412 1076 463 γε·

177 488 284 560 νομίνου
304 490 433 560 ποιμένος,
459 489 594 544 σννοδικδς
615 488 758 545 ε’πιστολάς
780 488 846 560 πρὸς
869 490 1013 559 Νεστόριον
1036 488 1077 541 καί

176 587 241 658 πρὸς
261 585 322 644 τοὺς
339 589 384 655 τῆς
399 585 526 655 ἀνατολῆς
549 585 688 671 ἀμοδίουξ
706 586 786 640 οδσας
809 583 923 652 ἐδέξατο,
941 584 978 641 είς
999 585 1075 656 έλεγ-

175 705 224 753 χον
247 683 294 753 μέν
319 685 364 753 τῆς
391 682 538 755 Νεστορίου
561 681 781 755 φρενοβλαβείας,
809 682 943 753 ἑρμηνείαν
970 682 998 736 δὲ
1024 686 1078 737 τῶν

177 778 206 834 έν
233 780 340 845 εὐσεβεῖ
365 778 435 855 ζηλιρ
461 782 509 833 τοῦ
536 779 666 851 σωτηρίου
691 780 830 848 συμβόλου
855 767 1005 836 ποθούντων
1030 779 1077 849 τὴν

179 873 349 1021 ἔννοιανῖρίς
369 876 476 946 κοίτην
496 876 641 946 ἐπιστολὴν
659 878 706 931 τοῦ
725 877 771 945 τῆς
792 877 916 950 μεγίστης
932 877 973 933 καὶ
994 898 1076 949 πρεσ-

176 974 294 1046 βυτέρας.
315 976 403 1044 Ράιμης
425 973 563 1046 προέδρου,
584 976 631 1027 τοῦ
651 974 845 1044 μακαριωτάτου
868 975 909 1029 καὶ
932 974 1076 1046 ἁγιωτάτου

173 1065 395 1140 Ἀρχιεπισκόπου
410 1070 527 1130 Λέοντος,
535 1068 582 1185 την
593 1067 742 1140 γραφεῖσαν
751 1061 872 1140 πρὸςῖτὸν
885 1069 913 1123 ἐν
922 1068 1005 1140 ἁγίοις
1014 1066 1075 1140 Ἀρ-

174 1164 348 1236 χιεπίσκοπον
361 1165 542 1233 Φλαυιανὸν,’
528 1162 568 1220 επ’
583 1164 714 1236 ἀναιρέσει
727 1166 773 1234 της
787 1166 920 1236 Εὖτυχοῦς
933 1166 1074 1228 κακονοίας,

175 1262 221 1316 ἀτε
240 1261 322 1332 δὴ
291 1286 322 1332 τη
342 1267 388 1318 τοῦ
408 1265 524 1337 μεγάλου
545 1260 646 1332 Πέτρου
666 1260 793 1335 ὁμολογία
814 1253 1019 1332 συμβαίνουσαν,
1034 1284 1077 1316 και

174 1357 261 1428 κοινήν
286 1382 343 1415 τινα
369 1359 508 1445 ρτίηλην’
496 1359 665 1432 υπάρχουσαν
692 1359 756 1413 κατὰ
781 1362 833 1413 τῶν
859 1356 1074 1442 κοκοδοξονντων,

392 1437 486 1455 m».

175 1455 279 1514 είκότως
313 1455 464 1530 συνήρμοσε
496 1459 563 1530 πρὸς
592 1456 638 1525 τὴν
670 1459 722 1509 τῶν
754 1454 839 1527 ὀρθῶν
864 1438 1000 1527 δογμάτων
1029 1458 1076 1522 βε-

131 1548 146 1599 ’Ᾰ
174 1553 297 1620 βοίωσιν.
299 1557 397 1643 γζΤοῐς
424 1576 453 1609 τε
475 1555 526 1627 γάρ
554 1553 590 1609 είς
617 1553 679 1608 υίῶν
706 1552 787 1608 δυάδα
812 1552 893 1607 τὸ
865 1574 911 1621 της
932 1553 1076 1624 οἰκονομίας

174 1651 287 1722 διοσπᾲν
322 1651 484 1722 ἐπιχειροῦσι
513 1647 657 1721 μυστήριον
692 1671 745 1722 παρ
786 1649 793 1668 ’
927 1652 969 1704 καὶ
1014 1650 1075 1708 τοὺς

174 1749 290 1819 παθητὴν
306 1751 354 1803 τοῦ
367 1751 530 1822 Μονογενοῦς
549 1748 637 1818 λέγειν
657 1768 687 1803 το
706 1751 806 1817 μῶντυς
824 1745 870 1815 τὴν
893 1750 1008 1815 θεότητα
1029 1750 1075 1802 τοῦ

173 1850 225 1901 τῶν
249 1849 323 1918 ἱερῶν
342 1845 482 1901 ἀπωθεῖται
503 1847 652 1928 σολλργον,
681 1845 724 1899 καί
744 1847 798 1901 τοῖς
818 1843 862 1899 ε’πί
884 1848 936 1898 τῶν
954 1840 1001 1899 δῦο
1022 1842 1074 1914 φί·

175 1965 245 1998 σεων
267 1947 314 1999 τοῦ
335 1945 451 2015 Χριστοῦ
478 1928 575 2013 κρᾶσιν
585 1941 608 2014 ᾗ
612 1938 759 2014 ,σύγχυσιν
782 1938 929 1997 ἓπινοοῦσιν
946 1939 1074 1996 ’ἀνθίστα-

172 2063 224 2109 τοι,
246 2042 287 2096 καὶ
308 2041 367 2097 τοὺς
385 2040 504 2112 οὐρανίου
517 2038 532 2110 ἢ
547 2038 636 2112 ε’τέρος
653 2041 721 2096 τινὸς
734 2038 860 2111 ὑπάρχειν
875 2038 967 2124 οὐσίας
980 2037 1026 2107 τὴν
1046 2040 1076 2108 ἐξ

174 2138 244 2208 ἡμῶν
257 2138 407 2209 ληφθεῖσαν
420 2137 488 2213 αὐτῷ
505 2141 551 2192 τοῦ
571 2135 667 2193 δούλου
686 2135 792 2208 μορφὴν
808 2136 999 2208 παροπαίοντας
1019 2135 1076 2204 έξε-

173 2233 270 2299 λαύνει,
286 2237 327 2289 καὶ
346 2233 406 2291 τοὺς
420 2232 466 2288 δύο
484 2234 531 2305 μέν
544 2237 595 2306 πρὸ
609 2235 655 2304 τῆς
673 2235 790 2290 ένώσεως
802 2231 899 2305 φάσεις
914 2235 960 2288 τοῦ
979 2232 1076 2305 Κυρίου

172 2329 337 2401 μυθείοντας,
350 2330 412 2401 μίαν
425 2332 453 2386 δὲ
466 2331 531 2401 μετὰ
548 2333 595 2400 τὴν
615 2329 709 2385 ἕνωσιν
720 2330 930 2386 ἀναπλάττοντας
949 2327 1074 2396 ἀναθεμα-

172 2429 246 2495 τίζει.
255 2427 405 2513 φΕπόμενοι
416 2427 502 2483 τοίνυν
513 2428 569 2486 τοῖς
579 2428 662 2498 δγίοις
676 2429 821 2498 Ποτράσιν,
833 2426 877 2481 ἕνα
890 2427 931 2481 καὶ
944 2428 989 2481 τὸν
999 2426 1076 2479 αὐτὸν

173 2524 352 2598 ὁμολογοῦμεν
364 2526 426 2580 Υίὸν
438 2528 484 2581 τὸν
498 2525 593 2597 Κύριον
607 2525 685 2595 ἡμῶν,
697 2523 801 2594 Ἰησοῦν
814 2526 936 2597 Χριστὸν,
952 2525 993 2578 καὶ
1008 2545 1074 2592 συμ-

172 2623 266 2691 φώνως
286 2623 395 2679 ἅπαντες
414 2622 607 2693 ε’κδιδάσκομεν,
627 2621 728 2676 τέλειον
746 2622 792 2676 τὸν
811 2621 889 2674 αὐτὸν
909 2620 937 2673 έν
957 2621 1074 2687 θεότητι,

171 2719 272 2773 τελειον
284 2721 329 2774 τὸν
342 2721 419 2774 αὐτὸν
433 2720 460 2774 έν
472 2719 660 2792 ἀνθρωπότητι,
675 2721 741 2772 θεὸν
759 2716 871 2786 ἀληθῶς,
886 2718 928 2771 καί
941 2715 1076 2786 ἄνθρωπον

171 2816 282 2885 ἀληθῶς,
297 2819 342 2871 τὸν
355 2817 432 2871 αὐτὸν
450 2817 477 2872 έκ
498 2818 589 2889 ψυχῆς
608 2817 715 2888 λογικῆς
729 2815 771 2869 καὶ
789 2816 919 2883 σώματος,
934 2811 1075 2882 δμοοάσιον

170 2922 207 2994 τῷ
229 2920 312 2990 Πατρὶ
333 2920 396 2972 κατὰ
416 2918 462 2986 τὴν
483 2919 604 2987 θεότητα,
620 2919 661 2972 καὶ
685 2914 826 2987 δμοοίισιον
845 2916 891 2970 τὸν
915 2915 992 2998 αιίτὸν
1016 2915 1075 2984 ἡμῖν

172 3017 238 3071 κατά
254 3016 300 3085 τὴν
318 3016 510 3088 ἀνθρωπότητα,
532 3015 596 3070 κατὰ
613 3015 696 3070 πάντα
714 3011 802 3084 ὅμοιον
815 3012 874 3082 ἡμῖν
893 3014 974 3086 χωρίς
994 3018 1074 3086 ἁμαρ·

172 3114 236 3180 τίας,
258 3113 309 3184 πρὸ
330 3113 427 3167 αἰώνων
450 3112 497 3182 μέν
520 3111 548 3165 έκ
571 3114 618 3166 τοῦ
641 3099 745 3183 Πατρδς
764 3108 919 3182 ’γεννηθέντα
943 3112 1006 3165 κατὰ
1029 3110 1076 3180 τὴν

173 3212 297 3278 θεάτητα,
311 3207 352 3263 ἐπ’
367 3209 487 3279 ἐσχάτων
501 3209 529 3262 δὲ
549 3213 600 3262 τῶν
618 3207 718 3280 ἡμερῶν
734 3207 780 3260 τὸν
798 3207 884 3272 αὐτὸν,
899 3202 932 3263 δι’
947 3207 1013 3278 ἡμᾶς
1033 3209 1075 3262 καί

172 3306 215 3361 διὰ
227 3306 274 3376 τίην
286 3304 410 3378 ἡμετέραν
423 3306 563 3377 σωτηρίαν,
578 3307 605 3360 ἐκ
627 3303 727 3377 Μαρίας
741 3306 786 3374 τῆς
799 3303 933 3378 Παρθένου
951 3307 997 3374 τῆς
1011 3312 1074 3359 θεο-

169 3405 248 3458 ,ύεον
259 3406 325 3459 κατὰ
338 3404 384 3474 τὴν
396 3403 589 3478 ἀνθρωπότητα,
604 3400 647 3457 ένα
661 3402 703 3456 καὶ
716 3402 761 3456 τὸν
774 3402 851 3458 αὐτὸν
864 3405 988 3476 Χριστὸν,
1002 3402 1073 3464 Υίὸν,
