2356 3780
362 228 396 271 ne
417 229 569 271 amorum
587 227 795 270 anomoeorum.
969 211 1023 267 151

134 405 284 483 splendore
307 405 489 480 decorandos,
514 405 621 483 quibus
643 406 698 464 vel¹
713 405 775 466 vita
801 409 831 466 et
854 402 1030 464 conversatio

135 502 302 578 angelorum
318 502 374 561 Dei
396 507 515 578 paratim
534 501 566 560 in
589 501 678 574 coelis,
696 502 743 562 vel
766 499 961 561 conformandi
985 499 1028 559 di·

135 601 243 656 cuntur
255 597 292 656 ad
304 596 424 673 gloriam
437 597 561 673 corporis
575 594 703 656 Christi?
736 597 784 655 Ad
797 616 885 675 quem
898 595 1028 672 gloriam,

137 692 294 752 salvatoris
309 712 357 751 ore
373 692 548 769 promissam,
563 691 717 769 respiciens
734 697 850 753 sanctus
862 692 1029 769 Apostolus,

136 787 216 862 dicit,
247 789 319 858 Quia
345 791 497 851 seminetur
519 811 616 866 corpus
639 791 764 866 animale,
789 797 912 869 resumet
934 809 1032 866 eorpus

135 885 292 959 spirituale.
335 885 368 944 Si
387 885 464 944 enim
480 906 583 946 verum
599 889 652 960 est,
671 886 747 947 sicam
763 891 840 947 certe
855 906 957 947 verum
975 890 1030 961 est,

136 981 214 1058 qnod
232 981 328 1058 justos
349 1001 477 1059 quosque
500 987 530 1042 et
556 987 668 1043 sanctos
691 983 858 1058 angelorum
881 982 1031 1042 consortiis

138 1076 257 1136 sociabit
277 1076 376 1135 divina
398 1077 535 1154 dignatio,
560 1083 672 1139 certum
694 1082 738 1138 est
760 1078 838 1155 quod
861 1080 891 1138 et
913 1097 1032 1154 corpora

137 1190 236 1231 eorum
247 1172 279 1230 in
293 1171 451 1248 spiritualis
463 1174 587 1250 corporis
600 1174 721 1250 gloriam
733 1175 835 1233 vertet.

178 1267 225 1326 47.
247 1267 280 1327 N
279 1287 312 1327 ec
325 1268 379 1327 hoc
392 1267 447 1329 tibi
463 1273 562 1329 contra
578 1270 741 1330 naturalem
754 1267 878 1345 corporis
890 1267 1031 1328 rationem

138 1361 270 1422 videatur
282 1382 343 1423 osse
356 1363 534 1440 promissum.
576 1365 609 1424 Si
622 1365 699 1424 enim
712 1365 862 1439 credimus,
875 1364 1033 1423 secundum

139 1476 174 1517 ea
187 1477 252 1534 quae
266 1458 371 1535 scripta
390 1463 467 1535 sunt,
482 1460 561 1536 quod
580 1461 722 1537 accipiens
733 1461 813 1519 Deus
832 1458 935 1518 limum
948 1463 1033 1519 terro

138 1553 291 1630 plasmavit
303 1554 456 1625 hominem,
470 1557 500 1615 et
519 1557 581 1614 baec
593 1556 653 1615 fuit
671 1559 776 1616 natura
789 1554 913 1632 corporis
929 1553 1031 1627 nostri,

138 1654 174 1709 ut
194 1650 342 1710 voluntate
360 1650 416 1710 Dei
437 1654 514 1711 terra
532 1655 694 1711 verteretur
714 1651 746 1710 in
765 1670 888 1720 onmem,
907 1670 959 1710 our
977 1648 1034 1710 tibi

139 1752 191 1807 aut
206 1748 361 1808 absurdum
382 1751 433 1806 aut
453 1747 627 1806 contrarium
640 1747 764 1821 videtur,
781 1746 806 1806 si
825 1746 927 1806 iisdem
946 1744 1034 1804 ratio-

138 1842 233 1915 nibus,
248 1842 355 1919 quibus
366 1845 444 1901 terra
455 1841 607 1917 profecisse
620 1841 727 1901 dicitur
739 1841 771 1900 in
784 1860 886 1918 corpus
899 1837 1032 1912 animale,

138 1958 254 1998 rursum
274 1957 376 2014 corpus
399 1937 521 1997 animale
544 1937 577 1997 in
596 1957 700 2014 corpus
723 1937 860 2013 proficere
885 1933 1035 2011 spirituale

140 2032 293 2094 credatur?
331 2035 405 2092 Haec
427 2032 544 2111 quidem
567 2037 654 2110 atque
676 2032 722 2091 his
745 2031 852 2091 similia
873 2031 966 2090 multa
987 2028 1032 2088 in-

139 2128 237 2188 venies
256 2128 288 2186 in
301 2128 457 2205 Scripturis
476 2128 583 2187 divinis
602 2129 638 2187 de
654 2126 861 2191 resurrectione
877 2125 1032 2202 justorum

140 2223 266 2285 Dabitur
274 2227 372 2282 autem
384 2223 471 2283 etiam
483 2223 687 2299 peccatoribus,
697 2225 732 2281 ut
746 2241 832 2298 supra
844 2219 980 2291 diximus,
990 2217 1036 2277 in·

142 2315 331 2394 corruptionis
343 2320 373 2376 et
387 2315 611 2375 immortalitatis
626 2335 665 2374 ox
679 2313 885 2374 resurrectione
899 2309 1036 2385 conditio,

142 2419 178 2474 ut
190 2413 265 2473 sicut
279 2411 369 2490 justis
382 2413 463 2470 Deus
481 2410 627 2470 ministrat
640 2410 677 2468 ad
689 2409 913 2488 perpetuitatem
926 2405 1036 2482 gloriae,

142 2511 185 2569 ita
204 2507 401 2586 peccatoribus
420 2507 458 2565 ad
479 2506 678 2583 prolixitatem
698 2503 874 2566 confusionis
892 2501 1039 2570 ministret

143 2613 174 2668 et
193 2623 296 2682 poenae.
338 2603 386 2665 Sic
407 2603 485 2663 enim
502 2601 706 2679 Prophetioum
726 2597 860 2659 definivit
880 2596 1037 2675 eloquium,

143 2702 226 2779 cujus
248 2710 278 2760 et
298 2700 385 2777 paulo
409 2702 476 2759 ante
496 2696 687 2771 meminimus,
712 2695 765 2755 ubi
785 2693 865 2769 dicit,
887 2695 931 2754 Et
953 2691 1042 2751 malti

141 2800 283 2874 resument
295 2797 327 2854 de
341 2800 421 2855 terra
432 2794 546 2870 pubere
552 2816 565 2860 ,·
588 2792 621 2851 aa·
631 2793 741 2870 quidem
753 2791 786 2850 ic
798 2789 885 2848 citam
898 2792 1040 2857 aeman,

143 2894 175 2953 la·
186 2897 278 2952 actem
291 2892 323 2950 c‘a
335 2891 517 2967 confusionem
530 2892 557 2946 ct
570 2887 748 2963 epaprclrc'um
761 2890 902 2945 oeternum.

182 2993 230 3048 48.
252 2987 285 3047 Si
304 3005 370 3061 ergo
389 2985 588 3045 intelleximus
608 3003 666 3060 qua
678 2979 861 3042 veneratione
879 2979 959 3038 Deus
979 2996 1038 3036 om·

143 3083 276 3161 nipotens
301 3082 388 3140 Pater
413 3081 542 3154 dicatur;
574 3099 667 3158 quove
693 3079 869 3138 sacramento
896 3072 1039 3132 Dominus

143 3184 239 3238 noster
258 3179 342 3237 Jesus
362 3175 493 3235 Christus
512 3175 615 3234 unicus
632 3174 727 3234 Filius
746 3172 810 3250 ejus
828 3170 987 3242 habeatur3
1008 3172 1039 3228 et

145 3294 202 3353 qua
215 3273 389 3352 perfectione
399 3273 522 3331 Sanctus
534 3271 597 3349 ejus
607 3270 733 3350 Spiritus
744 3264 926 3341 nominetur;
947 3269 1040 3342 utque

146 3375 245 3433 sancta
264 3368 391 3430 Trinitas
409 3386 502 3427 unum
521 3366 559 3428 sit
578 3387 630 3447 per
649 3363 848 3440 substantiam,
863 3362 914 3423 sed
933 3360 1040 3423 affectu
1052 3356 1134 3529 ί
