2356 3780
370 244 408 286 nn
427 244 497 284 mnu
516 245 552 286 nr
572 244 699 286 srsmouo
720 244 816 288 mua.
999 226 1034 290 m
1157 266 1161 274 ·›

135 419 285 479 credamus
305 418 485 500 assumptum
497 427 645 482 terrenum
659 421 761 501 corpus
778 423 810 482 in
823 415 938 483 amium.
953 437 956 449 ¹
980 423 1038 483 Sed

137 514 267 574 Gentiles
285 518 459 595 plerumque
480 517 718 594 pbilosophorum
741 516 920 593 argumentis
942 517 1038 578 nobis-⁴

136 629 202 669 cum
216 631 300 686 agere
320 614 446 686 student,
462 618 498 673 ut
517 610 615 673 dicant
627 617 776 673 terrenum
790 613 901 691 aliquid
920 612 952 672 in
965 613 1039 672 eoelo

135 724 197 766 esse
219 727 279 766 non
301 728 392 785 posse.
433 709 555 769 Nostrae
579 709 656 769 enim
680 708 843 787 Scripturas
868 729 927 768 uon
949 728 1051 768 nove.

135 807 213 876 runt,
228 823 282 862 nec
302 804 398 864 sciunt
417 806 558 882 quomodo
576 805 687 865 dictum
701 805 747 878 sit,
764 806 925 866 Scmlmalmr
943 825 1040 880 corpas

136 901 262 974 animala,
278 903 370 978 small
387 922 484 977 corpas
497 903 654 977 spirituale.
675 936 677 943 ·
696 903 764 961 Non
781 902 859 961 enim
871 901 913 961 ita
926 901 1037 960 dictum

136 999 188 1070 est,
205 995 288 1073 quasi
307 1016 410 1074 corpus
422 1001 554 1056 vertatur
572 997 603 1055 in
624 997 759 1075 spiritum
780 1001 810 1056 et
829 997 947 1073 spiritus
966 998 1038 1069 fiat3
1144 1061 1147 1068 ,

136 1090 206 1166 quia
229 1094 259 1150 θῖ
281 1111 358 1151 nune
382 1111 484 1167 corpus
506 1095 646 1166 nostrum,
672 1092 750 1170 quod
773 1091 896 1150 animale
919 1091 1036 1164 dicitur,

136 1205 194 1244 non
220 1185 253 1244 in
279 1186 404 1245 animam
429 1207 545 1246 versum
573 1191 617 1246 est
643 1192 673 1247 et
696 1187 792 1246 anima
818 1186 937 1245 facum.
964 1186 1038 1244 *Sed

136 1281 286 1357 spirituale
309 1302 411 1358 corpus
433 1281 617 1356 intelligitur,
643 1283 720 1359 quod
740 1282 783 1341 ita
805 1281 921 1358 spiritui
942 1281 1039 1340 subdis

136 1380 201 1436 tum
221 1381 272 1449 est,
288 1381 323 1436 ut
343 1377 453 1437 coelesti
465 1377 637 1436 habitationi
657 1377 815 1451 conveniat,
832 1376 909 1435 omni
927 1377 1040 1452 fragilia

136 1474 196 1530 tate
220 1491 253 1530 ac
268 1472 333 1531 laba
349 1476 464 1531 terrena
482 1471 514 1531 in
534 1472 679 1532 coelastem
700 1473 858 1549 puritatem
878 1477 908 1532 et
931 1473 1042 1532 stabili-

136 1570 226 1626 tatem
239 1572 351 1627 mutata
370 1572 457 1646 atque
477 1588 619 1627 conversa.
660 1569 734 1628 Haec
754 1573 798 1628 est
816 1568 988 1643 immutatio,
1005 1569 1040 1627 do

136 1682 195 1739 qua
215 1663 286 1722 item
308 1663 380 1723 dicit
402 1664 566 1741 Apostolus,
598 1665 693 1724 Omma
715 1685 892 1741 resmpemm,
917 1666 963 1723 cml
987 1683 1042 1724 mm

136 1779 225 1818 ammas
243 1760 460 1820 immutabimur.
503 1761 597 1826 Quam
616 1761 846 1820 immutationem
865 1782 923 1820 non
942 1761 974 1820 in
990 1762 1041 1820 de·

135 1857 227 1916 terius
241 1858 290 1915 sed
309 1857 341 1915 in
360 1857 464 1916 melius
483 1857 547 1915 fieri
561 1858 644 1917 docet
660 1857 746 1932 idem,
762 1877 829 1917 eum
841 1858 921 1931 dicit,
937 1859 980 1916 m
992 1877 1041 1916 aaa

135 1952 352 2012 immutabimur.
395 1953 453 2011 Sed
465 1952 517 2010 ubi
537 1956 567 2011 et
587 1954 727 2029 quomodo
745 1953 783 2012 sit
802 1953 834 2011 in
853 1953 926 2012 coelo
939 1973 1041 2029 corpus

136 2047 329 2121 Dominicum‚
346 2047 569 2106 curiosissimum
587 2052 617 2107 et
636 2048 879 2125 supervacaneum
898 2053 943 2108 θεῖ
961 2068 1043 2126 quae-

137 2162 219 2217 rere;
243 2143 441 2202 tantummodo
464 2142 496 2200 in
516 2142 588 2200 coelo
608 2161 668 2201 esse
688 2143 861 2201 eradendum
881 2147 933 2202 est.
974 2144 1003 2202 N
1005 2163 1043 2203 on

137 2239 215 2297 enim
235 2241 279 2298 est
297 2237 464 2313 flagilitatis
482 2241 587 2296 nostrae
607 2238 744 2296 coelorum
762 2242 870 2297 secreta
888 2238 1040 2310 discutere,

139 2335 189 2392 sed
202 2338 246 2393 θεῖ
264 2337 368 2392 nostrae
382 2332 451 2390 fidei
464 2332 500 2390 de
513 2331 658 2390 Dominici
677 2332 801 2408 eorporis
813 2332 955 2406 dignitate
975 2334 1043 2392 sub-

137 2429 219 2489 limia
232 2432 262 2487 et
274 2429 394 2487 honesta
407 2427 522 2486 sentire.

180 2529 225 2583 14.
249 2523 398 2582 Credimus
411 2523 499 2581 etiam
512 2522 589 2599 quod
602 2539 689 2579 sunm
702 2540 740 2579 nn
755 2540 912 2579 nnxruasu
925 2522 1041 2580 Parme.

139 2620 200 2678 Nec
223 2619 287 2676 ideo
309 2622 407 2677 tamen
430 2617 512 2695 quasi
534 2619 661 2675 humana
682 2617 774 2675 forma
796 2617 1043 2693 circumscriptum

140 2734 200 2773 esse
213 2715 309 2772 Deum
322 2715 437 2773 Patrem
455 2712 653 2773 arbitrandum
673 2716 724 2786 θεῖ,
740 2717 775 2772 ut
788 2713 823 2771 de
843 2713 895 2770 illo
915 2713 1041 2787 cogitan-

139 2810 218 2869 tibus
232 2810 367 2867 dextrum
387 2813 439 2868 aut
458 2809 606 2868 sinistrum
624 2808 702 2868 latus
722 2809 816 2866 animo
837 2812 975 2882 occurrat,
991 2812 1043 2867 aut

139 2903 266 2979 idipsum
278 2906 354 2981 quod
369 2906 465 2962 sedere
479 2904 566 2962 Pater
578 2902 693 2976 dicitur,'
709 2904 793 2962 flexis
805 2903 964 2980 poplitibus
978 2903 1043 2961 fieri

139 2999 302 3076 putandum
324 3003 376 3074 θεῖ,
401 3019 438 3057 ne
461 2999 493 3056 in
513 2999 588 3056 illud
610 2997 770 3056 incidamus
796 2998 985 3073 sacrilegium,
1010 2999 1043 3057 in

141 3113 198 3171 quo
219 3098 383 3153 exsecratur
402 3094 559 3169 Apostolus
579 3113 626 3151 eos
646 3093 697 3170 qui
717 3099 965 3154 commutaverunt
982 3095 1044 3170 glo*

140 3191 214 3250 riam
234 3190 460 3267 incorruptibilis
479 3191 536 3248 Dei
555 3191 587 3249 in
610 3191 829 3251 similitudinem
849 3193 1043 3269 corruptibilis

140 3286 273 3346 hominis.
315 3287 384 3345 Tale
405 3287 482 3346 enim
501 3287 685 3346 simulacrum
708 3289 769 3347 Deo
791 3290 872 3348 nefas
893 3294 936 3349 est
953 3290 1044 3348 chris·

142 3383 220 3444 tiauo
239 3384 272 3443 in
290 3384 398 3461 templo
412 3385 567 3458 collocare;
587 3385 680 3444 multo
699 3384 791 3462 magis
809 3386 842 3445 in
861 3387 944 3446 corde
962 3387 1043 3444 nela-
1054 3428 1119 3536 ι
