2356 3780
368 274 407 316 un
426 273 495 316 rma
513 273 549 316 nr
568 274 695 316 moto
714 267 814 317 nram
894 265 897 272 '
935 263 941 278 '¹
995 249 1033 316 dd

139 449 255 508 ooeleste
280 447 370 526 possit
395 448 511 522 mutari,
536 448 598 527 jam
625 447 689 525 ipsa
714 447 848 508 vicinitas
872 447 1034 525 persuadet

139 543 225 611 Quod
241 564 308 620 ergo
322 563 375 620 per
387 543 440 602 hos
458 544 563 619 gradus
580 544 644 603 fieri
661 563 742 621 posse
760 544 898 617 concedit,
913 547 949 603 ut
960 547 1038 602 tenu

137 638 170 698 in
196 658 298 716 corpus
324 640 482 697 aethereum
504 642 694 713 convertatur,
721 659 772 698 cur
794 659 861 712 non,
887 631 1037 698 accedentd

138 733 195 793 Dei
207 735 366 807 voluntate,
382 753 440 809 qua
453 753 555 811 corpus
567 735 727 793 humanum
741 753 827 810 supra
840 753 929 811 aquas
941 732 1039 810 potuit

138 832 294 903 ambulare,
310 831 456 890 celenime
476 830 507 889 id
525 829 589 889 fieri
608 850 698 908 posse,
717 830 957 907 quemadmodum
977 829 1037 888 dic·

137 930 203 986 tum
216 930 267 999 est,
284 926 315 984 in
329 926 387 984 ieta
400 925 480 998 oali,
497 924 558 983 sine
571 925 641 983 ullis
653 925 762 984 talibus
775 924 919 1000 gradibus,
936 922 1036 996 credit,

139 1021 214 1082 sicut
226 1023 396 1098 plerumque
409 1021 508 1079 fumus
522 1020 555 1077 in
567 1019 712 1078 flammam
724 1019 798 1078 mira
811 1019 958 1078 celeritate
971 1037 1037 1077 con-

137 1114 285 1175 vertitur?
326 1115 397 1175 Caro
411 1114 488 1173 enim
506 1116 604 1173 nostra
616 1113 718 1190 utiquc
733 1133 770 1171 ex
782 1117 861 1172 terra
874 1117 926 1172 est.
968 1111 1038 1183 Phi·

137 1209 250 1287 Iosophi
263 1215 374 1283 autema
385 1227 509 1287 quorum
522 1209 699 1284 argumentis
715 1208 820 1284 saepius
836 1205 1038 1266 resurrectioni

138 1306 232 1364 carnis
243 1305 396 1378 resistitur,
412 1304 517 1382 quibus
535 1308 666 1363 asserunt
682 1303 798 1362 nullum
812 1322 872 1362 esse
884 1321 967 1379 posse
979 1306 1038 1361 ter·

138 1420 241 1461 renum
254 1420 356 1478 corpus
373 1401 405 1459 in
418 1400 506 1473 ocschr
515 1399 664 1476 quodlibet
681 1418 783 1476 corpus
795 1398 827 1456 in
840 1417 923 1456 omne
937 1416 1040 1474 corpus

140 1497 268 1556 converti
281 1499 311 1556 et
329 1494 436 1555 mutari
455 1472 536 1571 poisc
557 1495 724 1553 concedunt.
766 1494 831 1559 Qua
850 1492 974 1570 corporis
993 1510 1039 1551 re·

141 1591 314 1650 surrectione
332 1592 417 1664 facta,
433 1589 600 1667 atemporis
617 1589 779 1648 conditione
792 1587 916 1661 liberati,
932 1591 1040 1647 aetema

138 1687 201 1747 vita
221 1687 362 1746 ineffabili
384 1686 522 1747 charitate
545 1691 633 1764 atque
660 1687 817 1745 stabilitate
839 1685 899 1744 sine
922 1703 1039 1761 corrup·

137 1782 216 1844 tione
229 1785 418 1860 perimamur.
460 1783 541 1842 Tunc
559 1783 637 1841 enim
649 1782 701 1842 fiet
717 1782 793 1840 illud
810 1780 888 1858 quod
901 1779 1038 1857 scriptum

140 1882 192 1953 est,
217 1880 362 1955 ,diaconia
388 1883 427 1938 ast
450 1899 523 1939 mora
546 1881 577 1937 in
598 1879 751 1938 victoriam.
799 1877 859 1938 Uti
882 1880 932 1947 est,
954 1878 1037 1950 mora

137 1974 350 2034 collocamus?
375 1975 426 2033 ali
437 1979 485 2047 eat,
500 1994 581 2046 mors,
598 1975 733 2033 conantio
747 1976 820 2031 aaa?
1033 1976 1036 1982 '

178 2074 225 2128 25.
247 2070 321 2128 Hac
334 2076 378 2129 est
390 2069 462 2128 fides
475 2089 539 2146 quae
553 2069 652 2146 paucis
665 2069 760 2128 verbis
772 2067 896 2128 tenenda
908 2066 941 2126 in
954 2067 1038 2145 Sym-

137 2162 203 2221 bolo
215 2163 338 2222 novellis
352 2164 521 2223 Christianis
539 2164 633 2223 datur.
676 2163 748 2228 Quas
761 2181 853 2238 pauca
865 2162 954 2220 verba
966 2161 1038 2219 fide·

137 2259 216 2317 libus
227 2263 297 2317 nota
310 2262 386 2332 sunt,
398 2263 433 2319 ut
446 2259 585 2318 credendo
599 2258 792 2336 subjugentur
804 2258 874 2330 Deo,
890 2256 1038 2335 subjugati

137 2363 215 2418 recta
227 2358 337 2432 vivant,
353 2363 429 2418 recte
442 2359 566 2417 vivendo
580 2377 628 2417 cor
639 2358 789 2431 mundent,
803 2358 885 2417 corde
898 2357 1037 2417 mundato

138 2455 216 2534 quod
228 2454 349 2514 credunt
360 2453 535 2529 intelligant.
1035 2453 1038 2458 ’

245 2723 314 2773 LIB.
332 2723 355 2774 1.
375 2723 701 2782 Rumnurnnonun,
720 2723 831 2774 CAPUT
848 2722 935 2773 XVII.

151 2925 152 2928 Ἴ
176 2842 330 2905 Paridem
349 2850 464 2925 tempus
485 2867 580 2907 coram
601 2847 740 2924 episcopis
760 2848 814 2906 hoo
837 2846 911 2905 mihi
928 2846 1035 2924 juben·

135 2939 223 3021 tibus,
239 2939 291 3018 qui
308 2941 469 3017 plenarium
486 2943 577 3003 totius
589 2943 697 3002 Africa
718 2943 871 3002 concilium
886 2943 1036 3020 Hippone·

134 3036 214 3111 regio
229 3037 382 3110 habebant,
405 3039 440 3097 de
463 3038 535 3098 Fide
557 3058 589 3098 aa
610 3039 745 3117 Symbolo
765 3038 916 3117 presbyter
937 3038 1036 3115 dispu-

134 3133 207 3193 tavit
247 3134 341 3199 Quam
364 3134 595 3212 disputationem,
617 3134 765 3194 nonnullis
788 3154 887 3194 eorum
909 3134 961 3214 qui
983 3154 1036 3195 nos

135 3230 306 3290 familiarius
329 3231 489 3310 diligebant
512 3224 717 3304 studiosissime
739 3231 922 3306 instantibus,
944 3231 976 3291 in
997 3231 1035 3316 lif

135 3324 220 3406 brum
240 3327 368 3402 contuli;
388 3328 420 3386 in
439 3343 497 3406 quo
517 3329 552 3388 dc
571 3329 658 3388 rebus
678 3327 748 3406 ipsis
767 3329 809 3390 ita
826 3317 984 3403 disseritur,
999 3329 1036 3390 ut

134 3425 232 3484 tamen
250 3445 310 3485 non
328 3424 380 3485 fiat
400 3427 553 3484 verborum
572 3425 625 3486 illa
648 3424 813 3503 contentio,
832 3445 903 3504 uuas
918 3423 1061 3483 tenenda
1088 3416 1125 3528 Ι
