2356 3780
146 217 202 277 164
305 232 328 277 ε.
343 233 461 276 omn
479 233 516 276 ατ
535 234 641 277 mom
659 232 878 276 amum

142 419 213 492 παρὰ
233 421 283 474 σοῦ
300 422 366 493 πρδς
383 423 429 476 τὸν
445 423 492 491 τῆς
510 422 626 494 μεγαλης
637 418 735 490 Ῥώμης
752 420 895 492 δγιόταταν
914 418 956 473 καί
976 439 1042 474 συν-

143 517 286 572 επίσκοπον
298 515 370 586 ἡμῶν
383 520 551 573 Κελεστῖνον.
593 518 646 572 Οῦκ
659 517 765 590 ἀρκέσει
778 516 806 571 δέ
820 519 852 587 τῇ
867 519 903 586 σῇ
916 516 1044 586 εῦλαβεθμ

141 615 172 668 τδ
187 616 401 689 συνομολογῆσαι
418 619 497 686 μόνον
516 615 547 669 τδ
566 616 612 685 τῆς
630 614 743 672 πίστεως
764 611 911 684 σύμβολον,
923 613 955 668 τδ
968 609 1040 668 ἑκτε·

142 709 188 764 θὲν
201 710 265 764 κατὰ
285 709 388 783 καιροὺς
407 713 435 766 ἑν
446 710 526 787 Ἀγίφ
541 709 671 782 Πνεῦματι
689 711 760 783 παρὰ
780 714 824 782 τῆς
844 710 919 784 όγίας
938 712 981 766 καὶ
994 732 1042 781 με-

141 807 225 878 γάλης
244 809 355 863 Συνόδου
374 811 420 879 τῆς
440 809 504 864 κατὰ
523 808 627 881 καιροὺς
641 802 732 883 [abest
744 807 808 863 κατὰ
821 808 924 881 καιροῦς
938 823 956 863 a
968 804 1043 863 Dio·

141 898 220 972 τιμιίί
238 898 364 978 Interp]
380 904 556 975 συναχθείσης
576 906 604 961 έν
623 911 655 975 τῇ
673 906 795 959 Νικαέων.
836 906 966 975 Νενόηκας
985 906 1041 978 γάρ

142 999 184 1052 καὶ
204 998 361 1070 ἡρμηνευκας
381 1001 427 1056 οῦκ
450 999 534 1074 ὀρθῶς
557 1000 628 1064 αῦτδ,
650 1000 858 1072 διεστραμμένως
876 1000 905 1055 δέ
924 1001 1040 1070 μᾶλλον,

142 1091 189 1167 κᾷν
202 1099 332 1169 ὁμολογῇς
349 1102 380 1168 τῇ
398 1097 473 1168 φωνῇ
492 1097 539 1168 τὴν
555 1096 637 1165 λέξιν.
676 1094 762 1152 Ἀλλὰ
774 1097 826 1170 γὰρ
839 1096 983 1152 ἀκόλουθον
995 1120 1042 1181 m

140 1196 458 1275 γρόφωςκαζένρμότως
477 1198 651 1277 ὁμολογῆσαι,
665 1194 706 1250 ὅτι
726 1195 767 1249 καί
787 1194 978 1265 ἀναθεματίζεις
993 1197 1043 1264 μὲν

141 1292 175 1346 τὰ
187 1293 266 1364 μιαρὸ
281 1295 380 1347 σαυτοῦ
388 1268 553 1362 ’κα-ἑθέβηλα
573 1294 698 1364 δόγματα,
712 1289 855 1364 φρονήσεις
868 1292 898 1347 δέ
911 1292 953 1347 καὶ
966 1293 1041 1348 διδά·

142 1386 196 1455 ξεις
208 1386 225 1443 δ
239 1390 280 1444 καὶ
293 1388 366 1460 ἡμεῖς
377 1390 480 1458 πάντες,
494 1386 521 1444 οῖ
535 1411 564 1444 τε
583 1389 647 1444 κατὰ
659 1388 706 1458 τὴν
725 1387 840 1461 ἑσπέραν
860 1388 961 1459 κοίτην
974 1389 1043 1466 ἑφαν

139 1482 297 1540 Ἐπίσκοποι
317 1485 359 1540 καί
379 1485 532 1540 διδάσκαλοι
553 1484 594 1539 καὶ
613 1484 685 1538 λαῶν
703 1481 849 1556 ἡγούμενοι·
870 1483 994 1539 συνέθετο
1011 1485 1053 1556 δὲ,

144 1580 185 1634 καὶ
204 1580 218 1651 ίη
238 1581 301 1635 κατὰ
321 1580 368 1650 τὴν
380 1579 480 1652 Ῥώμην
503 1580 564 1653 ἁγία
587 1578 705 1646 Σῦνοδος,
719 1581 761 1636 καὶ
780 1580 853 1651 ἡμεῖς
872 1580 993 1646 όταντες,
1007 1583 1045 1642 ῶς

140 1676 224 1750 ὀρθῶς
238 1676 360 1749 ε’χοῦσαις
375 1678 417 1732 καί
436 1674 623 1747 ἀνεπιλήπτως,
639 1679 695 1735 ταῖς
711 1679 871 1750 γραφείσαις
889 1678 1045 1739 ε’πιστολαῖς

141 1776 207 1846 πρὸς
227 1775 274 1844 τὴν
290 1774 341 1845 σὴν
360 1776 498 1840 εὐλάβειαν
514 1775 587 1848 παρὰ
607 1777 653 1846 τῆς
669 1773 862 1848 Ἀλεξανδρέων
872 1777 1041 1846 Ἐκκλησίας.

140 1868 316 1942 Ὓπετάξαμεν
330 1870 359 1926 δὲ
372 1870 472 1929 τοῦτοις
485 1871 556 1942 ἡμῶν
573 1875 627 1930 τοῖς
643 1874 795 1946 γράμμασιν
808 1873 867 1927 ἅτε
880 1873 920 1928 δεῖ
929 1873 1042 1946 φρονεῖν

141 1967 183 2021 καὶ
196 1966 336 2032 διδάσκειν,
347 1967 389 2022 καί
402 1967 437 2023 ῶν
450 1967 595 2040 ἀπέχεσθαι
607 1967 743 2042 προσήκει·
764 1966 827 2039 αῦτη
836 1971 889 2043 γὰρ
902 1973 947 2042 τῆς
961 1971 1042 2028 καθα·

140 2062 215 2131 λικῆς
235 2064 277 2119 καὶ
299 2062 476 2135 ἀποστολικης
499 2064 656 2135 Ἐκκλησίας
676 2065 692 2136 ἡ
713 2066 811 2136 πίστις,
833 2062 851 2136 ᾔ
872 2071 1041 2127 συναινοῦσιν

140 2160 250 2217 ἅπαντες
272 2157 300 2216 οί
320 2183 350 2216 τε
375 2161 440 2217 κατὰ
465 2163 512 2233 τὴν
538 2162 652 2237 ἑσπέραν
679 2165 720 2219 καί
742 2162 790 2234 την
816 2162 882 2240 ἑηίαν
902 2164 1043 2239 ἀρθόδοξοι

142 2256 312 2316 Ἐπίσκοποι.
692 2259 695 2269 '

577 2416 607 2464 Γ.

181 2534 345 2607 Πιστεῦομεν
368 2537 405 2595 είς
427 2535 470 2591 ένα
494 2538 561 2593 θεὸν
583 2536 688 2611 Πατέρα
710 2536 916 2611 παντοκράτορα,
937 2537 1045 2597 πάντων

140 2637 239 2709 ὁρατῶν
258 2635 343 2689 τεκαὶ
362 2635 479 2708 ἀοράτων
497 2632 614 2706 ποιητίην·
637 2635 733 2692 καλεῖς
753 2635 797 2690 ένα
816 2634 920 2708 Κύριον,
935 2634 1045 2707 Ἰησοῦν

140 2734 265 2805 Χριστὸν,
279 2733 326 2788 τδν
338 2733 400 2788 Υίδν
416 2736 465 2788 τοῦ
482 2735 550 2788 θεοῦ
567 2733 614 2787 τὸν
632 2733 767 2805 μονογενῆ,
780 2732 934 2805 γεννηθέντα
952 2734 982 2789 έκ
996 2740 1045 2794 τοῦ

139 2835 253 2910 Πατρδς,
266 2835 402 2892 τουτέστιν
415 2837 443 2893 έκ
460 2839 506 2908 τῆς
523 2835 616 2894 οῦσίας
635 2838 682 2891 τοῦ
699 2837 813 2908 Πατρός·
835 2837 903 2892 Θεδν
921 2836 949 2891 έκ
963 2842 1045 2906 Θεοῦ,

140 2936 199 3006 φῶς
212 2934 240 2989 ἐκ
254 2934 351 3005 φωτὸς,
368 2936 436 2989 θεὸν
448 2934 571 3004 ἀληθινὸν
589 2935 618 2991 εἰς
636 2936 704 2989 Θεοῦ
722 2932 855 3002 ἀληθινοῦ·
875 2933 1043 3006 γεννηθέντα,

139 3031 171 3086 οῦ
190 3030 336 3100 ποιηθέντα,
355 3031 496 3103 όμοοῦσιον
513 3038 549 3109 τῷ
562 3032 656 3105 Πατρί·
678 3031 710 3087 δι’
725 3031 756 3087 οῦ
775 3034 808 3088 εδ
824 3034 909 3089 πάντα
927 3033 1043 3107 ἑγένετο,

138 3130 213 3184 τότε
227 3129 303 3204 ε’ντῷ
317 3130 416 3206 οὐρανῷ
430 3131 472 3185 καὶ
485 3131 517 3185 τὰ
530 3131 602 3201 ἑντῇ
615 3134 659 3204 γῇ·
680 3130 734 3200 τδν,
745 3129 777 3184 δι’
788 3129 854 3202 ἡμεῖς
866 3129 927 3189 τοῦς
939 3130 1042 3202 ἀνθρώ-

138 3247 204 3284 πους
217 3227 259 3281 καί
273 3226 315 3282 διὰ
328 3228 375 3298 τὴν
391 3226 518 3301 ἡμετέραν
538 3229 679 3301 σωτηρίαν,
693 3228 860 3298 κατελθόντα,
874 3230 916 3284 καί
936 3252 1043 3304 σαρκω-

140 3321 224 3387 θέντα,
239 3323 281 3378 καί
299 3323 541 3397 ε’νανθρωπὴσαντα·
562 3323 686 3382 παθόντα·
708 3325 749 3380 καὶ
762 3324 910 3384 ἀναστάντα
922 3327 954 3397 τῇ
967 3330 1044 3401 τρίτη

130 3416 228 3494 ηἀερρ·
248 3418 393 3480 ἀνελθόντα
406 3421 444 3481 είς
460 3421 522 3482 τοῦς
540 3420 672 3497 οῦρανοῦς·
686 3422 827 3496 ἀρχόμενον
844 3427 927 3502 κοῖναι
944 3426 1046 3503 ’ζῶντας
