2356 3780
169 242 207 298 68
473 256 495 298 s.
513 256 580 297 1111.
602 257 757 298 1111111111

169 437 274 491 natura
293 432 444 491 mutabilis
462 437 559 492 nostra
579 442 710 510 suscepta
728 437 780 507 est,
801 434 1003 510 temporalium
1022 455 1067 494 re·

169 547 235 586 rum
255 527 408 586 salubriter
426 547 477 604 pro
497 528 579 586 nobis
600 537 744 603 gestarum
764 529 949 607 adjungimus
968 530 1064 603 fidem,

170 612 318 682 credentes
334 624 366 681 in
386 643 453 682 eum
465 624 521 683 Dei
535 623 645 681 Filium
658 624 709 701 qui
724 643 815 682 raros
835 643 884 683 nsr
898 643 954 684 rna
968 625 1066 684 Smar-

169 736 230 777 1111
244 719 381 778 Sarcrrn
394 738 434 776 nx
447 719 579 778 Vmerus
592 721 705 779 Manu.
746 720 829 779 Dono
843 721 920 779 enim
933 721 997 795 Dei,
1013 724 1068 782 hoc

168 820 221 888 est,
245 815 349 875 Sancto
369 815 481 893 Spiritu
501 836 631 874 concessa
651 815 733 876 nobis
752 821 797 875 est
815 821 899 875 tanta
918 818 1067 878 humilitas

167 910 244 969 tanti
264 910 328 983 Dei,
348 919 383 971 ut
403 915 498 970 totum
516 911 661 969 hominem
686 911 827 987 suscipere
847 911 1017 986 dignaretur
1034 912 1065 972 in

167 1009 250 1065 utero
270 1006 407 1082 Virginis,
423 1011 585 1066 maternum
606 1027 707 1083 corpus
724 1007 871 1081 integrum
889 1008 1063 1082 inhabitans,
1128 1060 1131 1066 .

167 1101 314 1176 integmm
327 1104 467 1161 deserens.
510 1102 564 1161 (lui
576 1102 729 1178 temporali
742 1101 948 1178 dispensationi
966 1104 1067 1165 multis

167 1197 259 1256 modis
271 1198 446 1257 insidiantur
457 1197 594 1256 haeretici.
637 1197 694 1256 Sed
712 1197 736 1256 si
749 1197 815 1274 quis
829 1198 955 1257 tenuerit
968 1200 1065 1258 catho-

145 1291 252 1360 ,licam
274 1294 371 1367 fidem,
395 1298 430 1353 ut
453 1297 546 1352 totum
568 1292 715 1351 hominem
736 1293 833 1352 credat
853 1313 870 1351 a
891 1294 986 1353 Verbo
1009 1295 1065 1354 Dei

167 1408 227 1448 esse
248 1393 421 1466 susceptum,
437 1389 468 1447 id
488 1393 540 1463 est,
557 1408 668 1464 corpus,
684 1388 818 1463 animam,
835 1389 978 1467 spiritum,
995 1391 1066 1449 satis

76 1501 80 1509 ·
167 1491 266 1545 contra
284 1486 350 1544 illos
372 1486 503 1545 munitus
527 1490 578 1543 est.
621 1485 735 1561 Quippe
759 1505 824 1543 cum
843 1485 900 1544 ista
923 1486 1064 1564 susceptio

165 1599 217 1657 pro
235 1583 328 1640 salute
347 1586 445 1640 nostra
463 1581 502 1640 sit
522 1584 610 1656 gesta,
628 1581 787 1639 cavendum
802 1584 845 1639 est
862 1601 907 1655 ne,
924 1601 989 1640 oum
1003 1601 1063 1641 cre-

166 1676 272 1737 diderit
284 1677 395 1754 aliquid
412 1681 542 1736 nostrum
559 1697 618 1735 non
632 1677 776 1753 pertinere
795 1677 832 1735 ad
849 1676 936 1737 istam
949 1697 1062 1755 suscep-

164 1755 283 1844 tionem,
299 1792 356 1830 111
374 1771 517 1849 pertineat
535 1774 571 1830 ad
590 1773 722 1831 salutem.
763 1772 804 1830 Et
824 1791 889 1830 cum
902 1774 995 1846 homo,
1012 1792 1062 1832 ex·

166 1868 249 1942 cepti
267 1868 358 1925 forma
378 1867 579 1941 membrorum,
602 1888 667 1945 quaa
687 1866 808 1926 diversis
829 1868 981 1942 generibus
1000 1867 1062 1926 ani·

164 1962 306 2020 montium
326 1964 438 2022 diversa
457 1962 568 2022 tributa
587 1967 639 2038 est,
661 1982 720 2022 non
739 1963 828 2022 distet
848 1983 865 2021 a
883 1983 985 2039 pecore
1004 1963 1063 2022 nisi

164 2057 299 2116 rationali
317 2058 429 2134 spiritu,
446 2077 511 2135 quaa
529 2078 609 2117 mens
627 2058 715 2117 etiam
731 2058 904 2133 nominatur,
913 2060 1062 2136 quomodo

165 2173 234 2213 sana
247 2159 291 2214 est
307 2155 379 2213 fides
397 2174 455 2231 qua
475 2155 602 2214 creditur
616 2155 693 2232 quod
712 2154 743 2213 id
761 2165 893 2213 nostrum
904 2156 1063 2231 susceperit

163 2249 220 2309 Dei
242 2249 390 2326 Sapientia
416 2251 493 2327 quod
518 2251 657 2310 habemus
681 2270 830 2309 commune
857 2270 923 2309 cum
948 2271 1058 2328 pecore,

162 2345 237 2405 illud
258 2351 353 2406 autem
373 2367 433 2405 non
453 2347 610 2424 susceperit
623 2347 701 2424 quod
722 2347 888 2406 illustratur
899 2346 964 2405 luce
985 2347 1060 2425 sapi·

162 2443 258 2516 entiae,
274 2448 304 2502 et
317 2444 394 2521 quod
406 2443 531 2502 hominis
543 2444 692 2520 proprium
705 2442 771 2502 est?

84 2508 132 2571 χ
202 2544 229 2597 9.
251 2539 421 2598 Detestandi
442 2544 539 2599 autem
559 2539 646 2598 etiam
665 2538 711 2596 illi
731 2542 808 2611 sunt,
831 2537 883 2614 qui
902 2538 1060 2597 Dominum

160 2638 291 2692 nostrum
315 2635 417 2694 Jesnm
443 2636 590 2694 Christum
620 2644 741 2693 matrem
767 2633 890 2692 Mariam
917 2634 949 2691 in
975 2633 1060 2692 terris

160 2728 294 2787 habuisse
306 2738 422 2804 negant,
439 2749 505 2788 oum
518 2729 570 2786 illa
583 2727 757 2804 dispensatio
769 2732 927 2804 utrumque
946 2746 1056 2799 sexum,

161 2828 192 2883 et
204 2824 394 2883 masculinum
407 2828 437 2883 et
451 2824 632 2896 femininum,
648 2822 839 2895 honoraverit,
856 2826 887 2881 et
906 2823 943 2880 ad
961 2841 1059 2880 curam

160 2918 216 2978 Dei
235 2919 378 2996 pertinere
398 2920 607 2992 monstraverit,
623 2938 681 2977 non
702 2918 795 2976 solum
816 2937 902 2994 quem
922 2917 1056 2994 suscepit,

139 3016 211 3089 ¹sed
235 3016 321 3075 illum
347 3016 435 3076 etiam
460 3036 619 3093 perquem
647 3014 780 3092 suscepit,
803 3015 900 3073 virum
923 3015 1076 3089 gerendo,;

160 3113 301 3171 nascendo
328 3113 363 3171 de
389 3112 504 3171 femina.
546 3113 608 3171 Nec
630 3131 682 3169 nos
708 3111 746 3169 ad
768 3111 928 3185 negandam
950 3109 1059 3169 Christi

159 3215 281 3265 matrem
295 3208 371 3282 cogit
384 3208 462 3284 quod
480 3209 562 3266 abeo
582 3207 757 3280 dictumest,
779 3206 853 3275 Quid
870 3206 942 3265 miti
958 3210 985 3263 et
1005 3205 1060 3264 tibi

159 3309 207 3377 ert,
236 3304 362 3364 multer?
394 3305 511 3363 condam
537 3305 612 3363 accit
637 3304 705 3363 tora
730 3324 796 3362 mee.
839 3303 897 3362 Sed
923 3303 1058 3362 admonet

142 3399 252 3472 potius
272 3407 308 3461 ut
324 3400 525 3476 intelligamus
547 3401 704 3460 secundum
727 3401 822 3459 Deum
844 3419 903 3459 non
922 3398 1057 3459 habuisse
