2356 3780
136 211 175 268 62
447 228 470 268 s.
484 226 552 269 nur,
572 227 728 268 incusam

135 410 312 467 meruerunt.
355 406 503 484 Scriptum
517 410 562 466 est
575 407 662 480 enim,
683 408 755 469 Nar·
773 410 960 482 crodideritis,
982 429 1036 469 noa

137 502 309 580 iutelliyotis.
352 501 409 562 Sed
428 503 563 562 tractatio
584 502 653 562 fidei
673 503 711 562 ad
737 504 927 563 muniendum
948 504 1035 582 Sym·

136 600 235 660 bolum
254 601 351 659 valet:
383 618 441 658 non
464 601 499 657 ut
518 597 582 676 ipsa
601 618 654 676 pro
675 600 812 677 symbolo
833 600 957 676 gratiam
978 600 1035 661 Dei

135 695 378 775 consequentibus
401 694 546 753 memoria
569 695 732 755 mandanda
759 699 789 755 et
809 696 955 756 reddenda
974 700 1035 757 tra·

137 794 233 868 datur,
257 793 306 851 sed
327 795 362 851 ut
380 790 432 848 illa
450 808 515 868 quae
539 790 572 848 in
592 790 728 867 Symbola
751 791 915 852 retinentur
934 801 1034 853 contra

135 889 337 950 baereticorum
349 886 469 946 insidias
488 886 660 947 auctoritate
678 888 819 948 catholica
833 895 863 950 et
876 889 1033 950 munitiore

134 985 300 1047 defensione
313 983 465 1044 custodiat.

177 1088 205 1142 2.
228 1080 331 1141 Gonati
349 1085 418 1140 sunt
438 1079 516 1138 enim
533 1079 652 1158 quidam
671 1080 843 1156 persuadere
863 1080 958 1142 Duum
977 1080 1034 1140 Ps-

135 1198 216 1239 rnmr
231 1197 290 1237 non
304 1197 364 1236 esse
377 1195 620 1238 oururorarmnn:
640 1195 699 1234 non
713 1175 849 1252 quiahoc
862 1175 957 1237 dicere
970 1176 1034 1236 ausi

136 1278 215 1345 sunt,
235 1275 285 1333 sed
304 1272 336 1331 in
355 1273 414 1332 suis
434 1272 640 1332 traditionibus
659 1273 715 1331 hoc
736 1271 842 1331 sentiro
867 1274 898 1332 ct
917 1273 1033 1333 credere

136 1369 356 1432 convincuntur.
398 1368 472 1427 Cum
492 1367 570 1427 enim
589 1367 691 1427 dicunt
711 1387 771 1426 esse
790 1370 926 1428 naturam
946 1388 1034 1447 quam

136 1468 218 1528 Deus
241 1464 421 1541 omnipotens
440 1484 499 1523 non
518 1463 668 1537 creaverit,
690 1464 726 1522 dc
747 1483 805 1542 qua
825 1468 923 1523 tamen
946 1464 1035 1524 istum

136 1562 277 1622 mundum
304 1559 497 1635 fabricaverit,
525 1560 754 1638 quampulchre
781 1559 946 1620 ordinatum
973 1580 1034 1621 esse

137 1659 307 1728 concedunt,
320 1656 363 1716 ita
371 1656 597 1734 omnipotentem
607 1658 703 1717 Deum
712 1662 831 1733 negant,
845 1662 951 1717 utnon
966 1678 1033 1717 cum

139 1755 259 1814 credant
278 1752 420 1811 mundum
447 1753 576 1829 potuisse
596 1754 691 1812 facere
718 1753 776 1812 nisi
795 1754 832 1813 ad
859 1774 926 1813 eum
945 1755 1033 1816 fabri-

140 1851 264 1912 candum
277 1848 335 1908 alia
347 1852 461 1919 natiue,
476 1868 541 1927 quac
551 1849 614 1928 jam
626 1850 732 1922 fuerat,
748 1854 778 1910 et
788 1869 876 1928 quam
889 1851 959 1928 Ipse
974 1871 1033 1910 non

140 1949 257 2020 fecerat,
272 1949 422 2016 uteretur;
445 1945 553 2004 carnali
572 1945 682 2006 scilicet
695 1946 902 2006 consuetudine
916 1946 1035 2007 videndi

140 2043 235 2102 fabros
250 2045 280 2101 et
293 2041 441 2100 domorum
456 2045 610 2102 structores
629 2046 660 2102 ct
679 2042 824 2121 quoslibet
843 2041 968 2120 opifices,
983 2044 1035 2122 qui

141 2138 198 2198 nisi
212 2138 389 2216 adjuventur
407 2143 508 2216 parata
528 2137 657 2213 materia,
674 2139 711 2198 ad
730 2139 867 2198 effectum
886 2158 945 2198 suae
965 2140 1036 2200 artis

140 2235 290 2315 pervenire
313 2252 372 2292 non
393 2238 522 2312 possunt.
564 2236 613 2294 Ita
637 2234 724 2295 etiam
743 2233 916 2310 intelligunt
935 2236 1036 2296 Fabri·

140 2336 266 2392 catorem
289 2330 391 2389 mundi
414 2350 473 2390 non
501 2350 564 2389 esse
591 2331 826 2408 omnipotentem,
849 2330 1036 2392 aimundum

138 2429 279 2489 fabricare
291 2447 351 2485 non
363 2432 469 2504 posset,
483 2426 540 2486 nisi
561 2447 629 2486 eum
647 2427 746 2505 ciiqua
760 2447 818 2486 non
832 2427 933 2486 abillo
947 2428 1035 2488 fabri-

139 2531 203 2586 cata
215 2528 329 2595 natura,
345 2528 485 2602 tanquam
498 2523 641 2595 materies,
658 2524 817 2601 adjuvaret.
861 2523 924 2583 Aut
937 2523 962 2583 si
976 2545 1035 2583 om·

137 2622 317 2700 nipotentem
331 2620 427 2680 Deum
444 2619 647 2680 fabricatorem
665 2620 768 2679 mundi
787 2639 847 2679 esse
862 2620 1034 2691 concedunt,

138 2719 286 2778 fateantur
306 2736 420 2776 necesso
436 2719 481 2777 est
499 2736 537 2775 ex
556 2716 649 2775 nihilo
666 2736 733 2775 eum
749 2716 850 2776 fecisse
869 2735 934 2793 quae
954 2716 1033 2776 fecit.

137 2815 205 2874 Non
218 2813 296 2873 enim
310 2812 422 2892 aliquid
440 2832 501 2872 esse
519 2816 623 2890 potest,
646 2812 730 2890 cujus
749 2816 861 2872 creator
876 2832 936 2871 non
949 2818 1033 2887 esset,

139 2930 205 2970 cum
218 2914 292 2970 esset
312 2909 501 2986 omnipotens.
542 2908 618 2975 Quia
638 2907 692 2968 etsi
713 2907 824 2985 aliquid
836 2909 907 2968 fecit
924 2928 962 2966 cx
982 2908 1035 2967 ali·

138 3027 205 3085 quo,
231 3006 308 3066 sicut
329 3005 476 3065 bominem
497 3006 533 3064 de
553 3006 632 3080 limo,
651 3025 710 3064 non
732 3004 836 3082 utique
854 3005 926 3065 fecit
944 3026 982 3065 ex
1003 3025 1036 3064 eo

138 3104 216 3181 quod
230 3104 297 3180 Ipse
310 3123 370 3162 non
382 3103 509 3171 fecerat;
532 3102 601 3180 quia
614 3106 721 3162 terram
738 3102 816 3160 unde
833 3102 923 3162 limus
940 3107 985 3162 est
999 3122 1036 3161 cx

137 3199 229 3258 nihilo
250 3199 365 3258 fecerat.
407 3200 448 3258 Et
464 3197 488 3256 si
507 3199 603 3276 ipsum
623 3199 729 3259 coelum
748 3201 778 3257 et
797 3202 913 3272 terram,
928 3200 960 3259 id
980 3204 1032 3270 est,

136 3295 277 3354 mundum
295 3298 324 3352 et
345 3294 440 3353 omnia
454 3315 519 3373 qua
536 3296 568 3355 in
589 3315 622 3354 eo
642 3298 721 3364 sunt,
736 3314 774 3353 cx
795 3295 894 3373 aliqua
914 3295 1035 3354 materia

131 3391 249 3468 fecerat,
267 3391 343 3452 sieut
360 3391 500 3469 scriptum
518 3399 571 3466 est,
592 3393 648 3462 aas
656 3391 759 3467 fecisti
777 3393 908 3451 mundam
926 3412 958 3450 ce
975 3411 1032 3450 mc·
