2356 3780
271 594 298 644 S.
315 592 459 644 CYRILLI
476 593 822 645 HIEROSOLYMITANTI
840 595 997 646 EPISCOPI

449 685 656 736 CATEOHESIS
673 686 820 746 QUARTA.

561 826 711 853 -ο-

512 941 754 1000 ΚΑΤΗΧΗΣΙΣ

454 1058 484 1112 ω’
508 1065 808 1113 οοτιτοΜςΝοΝ.
910 1118 911 1122 ,

183 1170 229 1227 Ἐν
240 1170 432 1247 Ἰεροσολύμοις
445 1173 644 1245 σχεδιασθεῖσα,
653 1176 713 1247 περὶ
725 1178 776 1229 τῶν
786 1173 846 1229 δέκα
859 1173 1003 1248 δογμάτων.
1032 1172 1081 1227 Καί

223 1263 368 1338 ἀνάγνωσις
381 1267 408 1321 ἐκ
421 1268 466 1336 τῆς
482 1269 548 1338 πρὸς
561 1269 733 1323 Κολοσσαεῖς·
754 1270 773 1295 “
785 1266 898 1321 Βλέπετε
910 1262 945 1335 μή
964 1286 1004 1321 τις
1016 1264 1081 1335 ύμᾶς

223 1357 325 1411 ἔσταιό
343 1362 505 1431 συλαγωγῶν
520 1359 562 1413 διά
579 1362 625 1428 τῆς
643 1357 808 1430 φιλοσοφίας
828 1357 870 1412 καί
888 1359 961 1426 κενῆς
973 1357 1079 1426 ἀπάτης,

224 1451 287 1504 κατὰ
306 1445 360 1518 τὴν
369 1451 514 1521 παράδοσιν
534 1458 585 1508 τῶν
604 1449 753 1522 ἀνθρώπων,
768 1450 831 1505 κατὰ
851 1451 884 1505 τά
903 1453 1021 1522 στοιχεῖα
1033 1455 1080 1505 τοῦ

211 1539 351 1619 κόσμου,”
365 1543 407 1598 καί
418 1544 451 1598 τὰ
464 1542 532 1613 ἑξῆς.

226 1664 253 1720 1.
276 1673 452 1746 MIMEITAI
473 1670 519 1741 τὴν
537 1668 660 1743 ἀρετηνὴ
679 1668 760 1739 κακία,
781 1669 822 1723 καί
840 1666 870 1723 τά
892 1669 1001 1736 ζιζάνιον
1020 1671 1079 1734 βιά·

184 1775 252 1841 ζεται
267 1781 340 1836 σῖτος
356 1778 514 1848 νομισθῆναι,
530 1778 643 1851 σχήματι
655 1778 703 1848 μὲν
714 1776 780 1849 πρὸς
796 1778 841 1832 τόν
858 1780 933 1832 σῖτον
947 1777 1078 1846 ε’ξομοιού-

183 1897 269 1945 μενον,
283 1877 310 1932 ε’κ
328 1878 357 1932 δὲ
370 1879 415 1947 τῆς
427 1876 541 1952 γεύσεως
557 1878 608 1934 ύπδ
625 1883 676 1933 τῶν
692 1878 851 1951 διακριτικῶν
869 1877 1077 1949 ἐξελεγχόμενον.

184 1974 234 2026 Καὶ
246 1975 261 2026 ό
275 1977 407 2040 Διάβολος
419 1975 667 2047 μετασχηματίζεται
687 1975 724 2032 είς
741 1975 854 2048 ἄγγελον
867 1974 964 2045 φωτός,
979 1973 1025 2028 ούκ
1038 1972 1079 2029 ’ίνα

184 2068 310 2140 ε’πανέλθη
325 2069 389 2127 ὅπου
407 2072 448 2126 καὶ
468 2069 508 2141 ἢν,
524 2067 626 2145 (ὥσπερ
638 2073 689 2145 γάρ
702 2071 798 2142 άκμων,
812 2068 938 2140 ἀνήλατον
957 2071 1004 2140 τὴν
1017 2093 1077 2143 καρ·

184 2168 240 2224 δίαν
252 2170 417 2239 κτησάμενος,
428 2171 599 2241 ἀμετανόητον
612 2172 706 2225 λοιπὸν
718 2171 773 2241 ἔχει
786 2168 832 2239 τὴν
841 2163 1006 2241 προαίρεσιν)
1017 2169 1078 2224 ἀλλ’

182 2261 222 2320 ἵνα
235 2265 295 2323 τοὺς
312 2267 453 2341 ἶσάγγελον
469 2269 530 2334 βίον
546 2266 759 2337 πολιτευομένους
776 2265 911 2339 ἀβλεφίας
929 2268 1017 2321 σκότει
1038 2269 1078 2322 καὶ

181 2361 303 2421 ἀπιστίας
315 2364 437 2435 λοιμώδει
449 2365 598 2437 περιβάλλη
613 2364 779 2419 καταστάσει.
801 2362 904 2417 Πολλοὶ
917 2360 991 2417 λύκοι
1004 2386 1076 2436 περι-

180 2456 291 2531 άγουσιν
305 2461 332 2516 ε’ν
345 2460 468 2532 ἐνδύμασι
480 2462 628 2536 προβάτων,
641 2461 780 2533 προβάτων
792 2461 839 2530 μὲν
852 2456 976 2528 ἐνδύματα
990 2482 1076 2530 κεκτη-

180 2558 260 2628 μένοι,
270 2559 300 2612 ού
312 2558 362 2629 μὴν
375 2561 416 2614 καί
429 2558 523 2629 ὄνυχας
534 2560 574 2613 καὶ
588 2559 701 2614 ὀδόντας·
721 2555 792 2610 ἀλλά
801 2555 847 2624 τὴν
860 2555 954 2628 ἥμερον
965 2557 1077 2628 περικεί·

180 2676 252 2725 μενοι
266 2655 351 2728 δοράν,
364 2656 453 2730 καὶτῷ
466 2653 581 2726 σχήματι
593 2654 653 2712 τούς
666 2655 774 2710 ἀκάκους
784 2653 937 2720 ἀπατῶντες,
950 2655 995 2710 τὸν
1008 2654 1076 2725 φθο-
1149 2653 1152 2658 ’

179 2753 286 2823 ροποιάν
299 2755 344 2822 τῆς
358 2753 482 2817 ἀσεβείας
496 2753 523 2807 έκ
537 2758 588 2808 τῶν
602 2751 713 2807 ὀδόντων
725 2748 904 2824 προσχέουσιν
918 2751 964 2804 ίόν.
999 2753 1078 2825 Χρεία

181 2843 267 2903 τοίνυν
280 2848 350 2906 θείας
362 2849 421 2920 ἡμῖν
433 2849 549 2923 χάριτος,
562 2851 603 2904 καὶ
624 2847 753 2920 νηφαλίου
774 2846 896 2911 διανοίας,
911 2848 952 2902 καὶ
965 2849 1078 2913 βλεπόν-

182 2969 235 3001 των
247 2946 401 3018 ὀφθαλμῶν,
413 2943 454 3002 ἵνα
466 2946 509 3017 μὴ,
521 2947 631 3014 ζιζάνιον
644 2946 677 3002 ῶς
692 2949 767 3001 σῖτον
779 2946 917 3018 φαγόντες,
932 2946 962 3014 ἐξ
975 2945 1080 3019 ἀγνοίας

181 3044 331 3112 βλαβῶμεν,
356 3043 420 3115 μήτε
442 3047 487 3100 τὸν
512 3041 592 3098 λύκον
616 3043 750 3114 πρόβατον
775 3043 963 3110 ὑπολαβόντες,
988 3042 1078 3115 θηρευ-

181 3138 273 3209 θῶμεν,
291 3138 356 3210 μήτε
375 3143 489 3214 άγγελον
508 3139 666 3214 ἀγαθοποιὸν
686 3140 731 3194 τὸν
753 3120 924 3211 ἀλεθροποιδν
945 3142 1078 3207 Διάβολον

179 3233 393 3304 ὑποπτεύσαντες,
415 3236 605 3307 κατοποθῶμεν.
657 3233 676 3263 “
688 3234 855 3309 Περιέρχεται
879 3239 930 3311 γάρ
953 3238 988 3295 ῶς
1009 3239 1078 3292 λέων

179 3333 331 3404 ἀρυόμενος,
345 3334 426 3403 ζητῶν
438 3333 494 3388 τίνα
508 3329 646 3404 καταπίη,”
661 3335 724 3390 κατά
738 3335 784 3404 τὴν
795 3333 910 3407 γραφήν.
939 3336 988 3390 Διά
1001 3339 1077 3391 τούτο
