2356 3780
390 222 429 265 ιιι
449 223 614 265 mesonma
633 223 779 265 υιυςςοιι.
978 203 1032 286 173

135 412 215 482 ἤγουν
226 405 388 476 αῦθεντέανῆ
410 407 570 470 δυναστείαν,
585 409 627 463 καὶ
647 408 706 479 οὐχὶ
726 408 757 479 δὴ
770 409 874 480 μᾶλλον
887 408 989 483 συνόδιρ
1002 411 1034 477 τῇ

136 505 191 560 καθ
207 503 301 560 ἕνωσιν
314 503 437 577 φυσικὴν,
453 502 566 574 ἀνάθεμα
578 504 658 560 ἔστιν.

175 600 209 657 δ.
231 598 265 656 Εἴ
277 621 316 657 τις
334 601 486 673 προσώποις
507 601 591 663 δυσὶν,
605 602 685 672 ἤγουν
704 599 880 673 ὑποστάσεσι,
893 601 940 657 τάς
958 621 988 656 τε
1008 600 1036 656 ἐν

134 703 189 757 τοῖς
215 700 391 772 εῦαγγελικοῖς
423 701 464 755 καὶ
495 700 680 756 ἀποστολικοῖς
706 702 896 775 συγγράμμασι
923 700 1035 769 διανέμει

135 798 233 870 φωνάς,
254 796 270 867 ἢ
292 797 334 877 έπὶ
357 799 463 873 Χριστῷ
482 796 552 869 παρὰ
575 802 626 851 τῶν
647 795 728 868 ἁγίων
755 797 907 870 λεγομένας,
929 797 945 868 ἢ
972 795 1034 871 παρ’

134 896 213 951 αὐτοῦ
226 894 285 966 περὶ
299 894 400 963 ἑαυτοῦ,
417 894 516 949 καὶτὰς
528 893 575 964 μέν
588 893 622 952 ὧς
640 891 767 968 ἀνθρώπῳ
779 895 850 967 παρὰ
862 897 908 949 τὸν
926 895 953 949 έκ
967 897 1035 950 Θεοῦ

136 994 222 1064 Λόγον
235 991 320 1049 ἲδικῶς
333 994 461 1067 νοουμένην
474 957 950 1071 πρσῴπειωὶιδᾜῖπέρεπῢ
961 995 1032 1069 ’μόνην

136 1093 173 1165 τῷ
187 1090 215 1144 έκ
228 1093 295 1143 Θεοῦ
310 1090 413 1162 Πατρός
425 1091 511 1164 Λόγιρ,
526 1087 641 1157 ἀνάθεμα
658 1088 737 1144 ἔστω.

175 1185 205 1240 ε’.
227 1182 262 1242 Εἴ
272 1208 312 1244 τις
331 1188 416 1258 τολμᾷ
433 1164 528 1260 λέγειν,
544 1187 680 1268 θεῄόρον
699 1184 835 1257 όνθριιπον
852 1187 899 1241 τδν
911 1190 1035 1258 Χριστόν,

136 1283 177 1336 καὶ
191 1283 250 1354 οῦχὶ
264 1282 294 1352 δὴ
308 1285 411 1354 μᾶλλον
424 1285 490 1339 θεὸν
510 1278 574 1338 εἶναι
592 1283 656 1337 κατὰ
669 1281 800 1352 ἀληθειαν,
815 1283 850 1339 ὡς
862 1285 925 1339 flav
937 1283 981 1340 ἕνα
995 1287 1037 1340 καὶ

136 1376 228 1451 φῦσει,
242 1379 306 1434 καθὸ
324 1378 416 1453 γέγονε
435 1379 505 1452 σὰρξ
524 1382 539 1434 ὁ
553 1380 645 1451 Λόγος,
660 1379 702 1432 καὶ
720 1379 884 1447 κεκοινώνηκε
897 1383 1034 1453 παραπλη·

90 1470 95 1479 ’
136 1481 201 1539 σέως
214 1481 274 1551 ἡμῖν
285 1479 391 1552 αἵματος
404 1481 445 1536 καὶ
459 1482 565 1554 σαρκός,
580 1479 693 1551 ἀνάθεμα
706 1480 785 1535 ἔστιν.

176 1578 206 1638 ἔ.
228 1576 262 1634 Εἴ
272 1601 312 1636 τις
324 1579 409 1650 τολμᾷ
425 1577 520 1650 λέγειν,
536 1578 602 1633 θεόν
614 1577 630 1648 ἦ
642 1579 771 1647 δεσπότην
783 1573 848 1633 εἶναι
860 1581 907 1634 ταῦ
920 1581 1036 1650 Χριστοῦ

137 1675 208 1730 τδν’
196 1697 223 1730 εκ
238 1679 305 1731 θεοῦ
318 1676 422 1749 Πατρός
435 1678 527 1748 Λόγον,
543 1675 584 1730 καὶ
597 1674 657 1746 οῦχλ
670 1674 700 1745 δὴ
714 1677 816 1746 μάλλον
828 1677 874 1731 τδν
887 1675 990 1732 αὐτόν’
976 1698 1037 1745 σμα-

137 1774 214 1844 λογεῖ
233 1773 331 1828 θεόν’
317 1777 406 1877 ομοῦ
402 1796 431 1829 τε
451 1795 492 1828 και
512 1772 684 1844 ἀνθρώπου,“
649 1775 863 1860 ,μγιγονότος
883 1774 979 1845 σαρκός
991 1777 1037 1830 τοῦ

138 1871 224 1940 Λόγου
238 1872 302 1926 κατά
314 1871 360 1926 τάς
372 1832 486 1962 γραφάς,
502 1867 615 1939 ἀνάθεμα
628 1868 707 1923 ἔστιν.

177 1965 211 2034 ζ’.
232 1964 267 2021 Εἴ
278 1990 317 2025 τις
330 1968 450 2039 φησὶν,“
437 1990 471 2025 υς
491 1965 627 2039 ἀνθρυπον
646 1965 803 2039 ένηργησθαι
819 1969 890 2041 παρά
909 1969 956 2023 τοῦ
970 1971 1038 2023 θεοῦ

138 2064 262 2134 Λόγου
235 2085 281 2118 τον
292 2061 404 2133 Ἰησοῦν,
416 2085 457 2118 και
448 2063 516 2134 την
528 2067 575 2117 τοῦ
588 2065 741 2135 μονογενοῦς
745 2060 873 2134 εῦδοξέαν
885 2064 1037 2137 περιηφθαι,

138 2158 173 2216 ὣς
187 2159 265 2233 έτερῳ
277 2181 331 2232 παρ
332 2157 456 2215 ἀῦτδν
444 2162 601 2233 υπάρχονπα,
616 2158 729 2228 ἀνάθεμα
742 2160 821 2215 ἔστω
886 2133 1081 2170 ...aa

178 2253 211 2322 η’.
233 2252 267 2310 Εἴ
284 2276 324 2313 τις
341 2257 426 2327 τολμᾷ
436 2257 534 2328 λέγειν,
548 2256 593 2309 τόν
613 2252 795 2326 ἀναληφθέντα
814 2253 950 2326 ἀνθρυπον
970 2277 1038 2325 συμ-

137 2351 342 2423 προσκυνεισθαι
368 2351 423 2406 δεῖν
444 2357 481 2424 τῷ
504 2353 562 2423 θεῷ
583 2354 667 2426 Λόγῳ,
690 2372 731 2406 και
755 2349 969 2418 συνδοξάζεσθαι,
997 2351 1040 2406 καλ

139 2446 357 2539 συγχρηματιζειν
375 2446 484 2507 θεὸν,
471 2443 606 2517 υςετερον
626 2447 654 2500 έν
673 2444 760 2519 ἑτέρην,
776 2441 831 2518 (καὶ
852 2445 1011 2517 γάρ,συν
930 2443 950 2474 “
1012 2443 1039 2510 ,'’

139 2541 186 2598 ἀει
209 2534 425 2615 προστιθέμενον,
452 2543 529 2596 τοῦτο
558 2544 625 2613 νοεῖν
656 2536 813 2614 ἀναγκάζει,)
841 2541 882 2596 καὶ
917 2541 977 2614 οῦχὶ
1007 2486 1039 2611 δη

138 2639 241 2708 μᾶλλον
266 2642 312 2712 μιᾷ
341 2658 519 2713 προσκυνησει
549 2637 609 2708 τιμᾷ
635 2639 681 2692 τὸν
712 2636 886 2708 Ἐμμανουήλ,
913 2639 955 2693 καὶ
980 2659 1041 2708 μιαν

138 2735 207 2810 αὐτῷ
229 2736 276 2807 την
294 2736 450 2812 δοξολογόαν
472 2735 623 2806 ἀναπέμπει,
636 2735 700 2790 καθὸ
719 2734 811 2810 γέγονε
827 2735 898 2809 σάρξ
915 2737 1039 2808 όΛόγας,

139 2830 253 2904 ἀνάθεμα
266 2835 344 2890 ἔστιν.

179 2927 213 2983 θ.
229 2927 264 2986 Εἴ
274 2953 314 2988 τις
323 2927 402 3002 φησὶ,
412 2927 458 2984 τδν
467 2928 512 2985 ἕνα
522 2925 624 3003 Κῦρισν,
634 2925 738 2999 Ἰησοῦν
747 2925 871 3001 Χριστὸν,
884 2924 1041 2997 δεδοξάσθαι

138 3027 209 3098 παρὰ
221 3032 268 3081 τοῦ
281 3025 440 3096 Πνεῦματος,
455 3025 490 3082 ώς
509 3024 637 3098 ἀλλοτρίᾳ
655 3026 759 3096 δυνάμει
776 3021 809 3095 tf}
822 3022 855 3079 δι’
869 3023 949 3079 αότοῦ
968 3026 1039 3097 χρώ·

139 3143 224 3191 μενον,
245 3123 286 3178 καὶ
308 3120 370 3194 παρ’
393 3120 472 3176 αὐτοῦ
495 3122 612 3188 λαβόντα
634 3119 665 3176 τδ
689 3121 803 3194 ε’νεργεῖν
829 3119 956 3177 δῦνασθαι
978 3121 1042 3176 κατὰ

138 3220 289 3288 πνευμάτων
301 3216 460 3291 ἀκαθάρτων,
475 3215 561 3273 καὶτὸ
575 3218 693 3291 πληροῦν
710 3218 747 3275 εἷς
759 3216 909 3291 ἀνθρώπους
922 3219 968 3274 τὰς
982 3216 1042 3273 θεα-

140 3315 256 3386 σημεέας,
272 3317 313 3371 καὶ
326 3315 385 3386 οῦχὶ
406 3314 437 3385 δὴ
455 3315 558 3385 μάλλαν
571 3311 637 3370 Ιι’διον
649 3315 730 3370 αὐτοῦ
749 3315 780 3369 τδ
794 3316 900 3388 Πνευμά
913 3316 992 3390 φησι,
1006 3312 1040 3371 δι’

138 3410 170 3468 αὗ
183 3414 225 3469 καὶ
238 3411 359 3488 ένηργηκε
372 3412 419 3471 τὰς
431 3410 593 3482 θεοσημεέας,
609 3410 722 3483 ἀνάθεμα
734 3411 813 3469 ἔστιν.
