2356 3780
359 244 398 284 nr
417 242 486 282 rins
505 242 541 283 nr
560 242 692 285 smono
710 243 808 288 amun.
995 228 1032 288 69
1142 279 1147 295 ,

135 415 266 487 matrem,
291 416 374 493 cujus
396 416 555 493 majestatis
577 436 727 493 personam
745 418 865 493 parabat
886 418 1036 476 ostendere

135 527 240 585 aquam
253 510 286 568 in
298 511 402 569 vinum
415 513 562 571 vertendo.
604 511 688 577 Quod
701 519 797 570 autem
811 511 967 570 crucifixus
980 516 1032 585 est,

136 608 293 665 secundum
312 608 460 667 hominem
483 607 639 669 crucifixus
660 616 722 667 est:
748 612 778 666 et
800 607 852 666 illa
872 611 935 666 erat
952 609 1033 681 horo,
1101 663 1103 673 ,
1126 637 1130 648 =

135 721 200 778 quae
219 704 349 763 nondum
364 708 492 778 venerat,
509 705 623 782 quando
642 703 823 777 dictumest,
843 704 922 763 Mili
938 709 964 763 et
983 704 1038 763 tibi

135 803 204 880 quid
222 807 287 862 cet?
305 806 424 864 madum
443 806 518 864 uenit
538 805 607 864 bora
625 825 692 877 mea,
714 804 744 862 id
766 808 818 878 est,
841 825 900 882 qua
920 809 950 864 te
971 825 1036 880 cog·

134 917 259 959 noscam,
300 901 382 960 Tunc
402 900 480 960 enim
500 904 532 960 ut
550 901 637 959 homo
656 900 812 960 crucifixus
832 901 966 976 cognovit
984 902 1036 960 ho·

135 994 243 1054 minem
260 999 390 1070 matrem,
414 1003 444 1055 et
463 995 649 1061 dilectissimo
669 995 810 1073 discipulo
828 996 1036 1056 humanissime

136 1091 354 1150 commendavit.
396 1092 458 1150 Nec
484 1090 559 1148 illud
585 1110 637 1149 nos
662 1092 785 1163 moveat,
812 1090 889 1166 quod
917 1108 982 1148 cum
1009 1089 1037 1148 ei

134 1184 320 1244 nuntiaretur
337 1190 430 1245 mater
448 1186 512 1263 ejus
530 1189 560 1244 et
577 1186 690 1258 fratres,
705 1184 861 1260 respondit,
883 1185 948 1252 Qua
966 1185 1039 1243 mibi

135 1289 232 1354 mato,
257 1286 307 1340 aut
327 1283 378 1358 qai
389 1281 523 1357 fratrer?
543 1285 593 1340 dac.
635 1281 692 1340 sed
712 1280 810 1356 potius
830 1280 931 1339 doceat
951 1281 1037 1340 mini·

136 1361 257 1435 sterium
275 1381 417 1450 nostrum,
439 1397 497 1454 qno
517 1379 639 1437 verbum
658 1376 715 1435 Dei
734 1375 872 1435 fratribus
891 1376 1037 1436 ministra·

136 1490 209 1544 mus,
225 1476 358 1547 parentes
377 1493 443 1531 cum
455 1473 627 1550 impediunt,
643 1492 701 1532 non
715 1491 762 1531 eos
775 1472 878 1531 debere
896 1473 1035 1547 cognosci.

136 1566 212 1625 Nam
230 1567 255 1626 si
273 1572 426 1645 propterea
443 1569 565 1647 quisque
583 1568 731 1646 putaverit
748 1587 806 1626 non
824 1588 891 1627 eum
903 1569 1037 1629 habuisse

136 1668 259 1724 matrem
275 1664 307 1723 in
320 1664 413 1738 terris,
430 1665 499 1742 quia
516 1665 602 1740 dixit,
623 1666 688 1735 Qua
700 1665 773 1724 mibi
788 1669 899 1725 mater?
919 1668 1038 1741 cogatur

136 1779 250 1820 necesse
264 1765 308 1820 est
321 1764 351 1820 et
359 1763 512 1839 Apostolos
525 1782 631 1837 negare
644 1761 777 1821 habuisse
790 1763 887 1837 patres
899 1761 931 1820 in
941 1762 1035 1834 terris,

91 1849 92 1852 '
136 1856 272 1932 quoniam
284 1857 422 1934 pracepit
440 1857 490 1930 eis,
506 1856 614 1930 dicens,
629 1857 726 1916 Nolite
738 1857 811 1918 cobis
824 1863 936 1933 patrem
951 1859 1038 1918 diem

136 1952 168 2010 in
181 1953 285 2019 terris:
306 1973 376 2012 anas
390 1958 430 2012 est
443 1954 514 2011 euim
528 1953 615 2011 Pater
628 1957 714 2012 cester
727 1953 778 2029 qai
790 1953 822 2012 a'a
835 1953 907 2012 calis
920 1958 968 2012 ert.

179 2052 224 2106 10.
246 2048 309 2107 Nec
331 2049 414 2109 nobis
436 2048 632 2112 fidemistam
655 2047 769 2107 minuat
791 2048 928 2124 cogitatio
951 2048 1038 2107 muli-

137 2142 249 2201 ebrium
262 2143 413 2216 viscerum,
428 2147 464 2202 ut
483 2146 634 2228 propterea
651 2142 809 2201 recusanda
825 2143 959 2203 videatur
971 2142 1039 2201 talis

137 2238 256 2297 Domini
277 2239 369 2298 nostri
392 2237 546 2314 generatio,
573 2236 651 2313 quod
677 2257 741 2296 eam
765 2237 872 2297 sordidi
895 2238 1039 2297 sordidam

136 2335 250 2409 putant.
294 2332 369 2398 Quia
382 2336 413 2391 et
425 2332 541 2391 stultum
554 2333 612 2391 Dei
628 2333 781 2406 sapientias
799 2353 859 2392 esso
875 2332 1035 2405 luminibus,

137 2430 167 2485 et
180 2429 271 2487 omnia
284 2429 385 2486 manda
398 2428 516 2500 maedis,
532 2425 678 2485 verissime
692 2427 846 2503 Apostolus
859 2426 939 2485 dicit.
980 2428 1038 2485 De·

137 2523 207 2582 bent
226 2523 318 2598 igitur
330 2522 447 2596 intueri,
464 2521 516 2599 qui
534 2523 589 2580 hoc
607 2525 722 2598 putant,
739 2522 807 2581 solis
826 2523 915 2598 hujus
932 2522 1036 2594 radios,

138 2637 224 2694 quem
238 2623 315 2678 certe
336 2638 394 2676 non
413 2623 553 2694 tanquam
575 2622 735 2676 creaturam
758 2617 814 2676 Dei
837 2617 966 2691 laudant,
990 2618 1040 2676 sed

137 2721 276 2791 tanquam
289 2715 385 2773 Deum
402 2716 531 2788 adorant,
547 2733 599 2790 per
612 2713 772 2796 cloacarum
788 2713 894 2771 fetores
912 2716 942 2771 et
959 2732 1039 2789 quae-

139 2828 262 2886 cumque
279 2810 430 2870 horribilia
442 2828 652 2888 usquequaque
665 2807 800 2882 diffundi,
816 2811 847 2868 at
865 2807 897 2866 in
909 2807 955 2866 his
973 2828 1039 2885 ope-

138 2903 197 2962 rari
216 2905 373 2963 secundum
392 2911 527 2964 naturum
547 2924 637 2979 suam,
659 2923 713 2963 nec
732 2908 830 2963 tamen
849 2903 917 2963 inde
939 2903 1038 2981 aliqua

138 3000 379 3061 contaminatione
400 3002 569 3075 sordescere,
586 3019 651 3059 oum
665 2999 788 3059 visibilis
806 3000 860 3058 lux
875 2999 1039 3060 visibilibus

138 3096 269 3156 sordibus
290 3095 329 3156 sit
348 3091 453 3156 natura
474 3096 672 3174 conjunctiora
700 3100 808 3173 quanto
830 3095 927 3155 minus
946 3095 1039 3172 igitur

137 3196 250 3270 poterat
268 3191 362 3269 pollui
374 3193 503 3252 Verbum
512 3192 586 3273 ¹Dei,
601 3212 659 3251 non
680 3212 846 3270 corporeum
858 3212 953 3270 neque
966 3192 1035 3252 visi-

137 3288 205 3361 bile,
221 3289 257 3348 de
274 3288 398 3348 femineo
418 3308 534 3364 corpore
547 3288 600 3350 ubi
613 3289 770 3349 humanam
783 3308 897 3349 carnem
911 3287 1038 3365 suscepit

140 3405 205 3445 cum
226 3385 321 3446 anima
341 3389 371 3447 et
390 3383 504 3462 spiritu,
520 3385 626 3463 quibus
645 3384 908 3447 intervenientibus
924 3384 1050 3442 habitat.
1074 3426 1123 3528 Ι
