2356 3780
392 251 430 293 u>
449 251 614 294 υαοαοατσυ
631 249 775 294 mmm.
977 232 1034 300 171'

574 495 597 543 I.

170 597 253 655 Ὀταν
265 598 294 654 δι’
306 596 373 670 λε’γῃ
386 583 446 669 περὶ
463 601 510 653 τοῦ
520 597 678 669 Πνεῦματος,
688 602 705 629 “
714 598 827 659 Ἐκεῖνος
839 599 886 673 ε’μὲ
899 598 1035 671 δοξάσει,”

134 699 252 752 νοοῦντες
271 693 362 767 ὀρθῶς,
378 695 427 766 οὐχ
448 696 482 752 ὣς
500 696 578 765 δόξης
596 695 684 751 ε’πιδεᾶ
702 699 748 767 τῆς
767 700 828 767 παρ’
840 698 929 771 ἑτέρου
949 697 1036 770 φαμὲν

38 796 43 807 ’
134 793 180 846 τὸν
200 790 244 846 ἕνα
267 793 381 863 Χριστὸν
404 792 445 845 καί
469 794 530 848 Υίδν
551 794 598 863 τὴν
619 794 690 865 παρὰ
710 797 757 848 τοῦ
776 792 866 867 Ἀγίου
886 794 1036 866 Πνεῦματος

134 885 214 955 δόξαν
240 888 318 956 ἕλεῖν,
345 885 384 941 ὅτι
407 887 472 958 μηδὲ
500 890 615 961 κρεῖττον
641 890 719 944 αὐτοῦ
747 889 789 943 καὶ
813 889 878 962 ὑπὲρ
901 891 979 947 αῦτδν
1003 892 1035 946 τὸ

134 989 239 1056 Πνεῦμα
257 986 343 1042 αὐτοῦ.
384 983 489 1056 Ἐπειδὴ
507 987 536 1042 δὲ
557 986 594 1043 είς
611 987 720 1056 ἔνδειξιν
736 989 781 1056 τῆς
801 989 893 1043 ἑαυτοῦ
909 991 1036 1057 Θεότπτος

135 1083 258 1156 ἐκέχρητο
277 1089 314 1157 τῷ
330 1080 410 1157 Ἀγίφ
427 1081 558 1153 Πνεῦματι
577 1085 643 1155 πρὸς
662 1083 863 1157 μεγαλουργίαν,
878 1083 1036 1154 δεδοξάσθαι

134 1180 194 1254 παρ’
209 1181 288 1235 αὐτοῦ
307 1180 399 1251 φησὶν,
414 1180 504 1252 ὥσπερ
518 1181 550 1236 δν
570 1180 593 1234 εί
614 1180 656 1236 καί
675 1202 715 1237 τις
733 1179 809 1252 λέγοι
828 1184 880 1235 τῶν
899 1181 954 1235 καθ
969 1180 1035 1251 ἡμᾶς

134 1279 195 1350 περί
215 1279 261 1348 τῆς
279 1274 387 1345 ἐνούσης
405 1275 498 1348 ῖσχῦος
517 1276 586 1352 αὐτῷ
606 1280 696 1349 τυχὸν,
713 1277 729 1348 ἢ
748 1281 812 1350 γοῦν
823 1275 969 1348 ἐπιστήμης
989 1279 1036 1348 τῆς

66 1367 67 1372 ’
135 1374 179 1447 ἐφ’
201 1378 309 1450 ὁτῳοῦν,
332 1373 373 1430 ὅτι
396 1375 542 1444 δοξάσουσί
562 1399 602 1447 με.
644 1378 676 1433 El
693 1378 743 1450 γὰρ
765 1378 806 1432 καί
827 1377 901 1431 ἔστιν
921 1380 950 1432 ἐν
970 1360 1065 1490 ὕπο-ί

136 1472 231 1526 στάσει
249 1471 279 1526 τδ
300 1475 369 1526 Πνεῦ
388 1494 404 1526 α
424 1472 500 1542 ῖδικῇ,
514 1474 556 1527 καὶ
576 1472 606 1542 δὴ
626 1473 668 1527 καί
689 1476 783 1528 νοεῖται
803 1471 858 1528 καθ’
872 1474 956 1538 ἑαυτὸ,

148 1534 288 1565 mm„

135 1570 241 1640 Πνεῦμά
263 1569 322 1624 ε’στι
346 1570 456 1641 καὶούχ
477 1572 546 1634 Υιὸς,
568 1568 628 1624 ἀλλ’
653 1569 699 1627 οῦν
724 1570 798 1626 ἔστὶν
823 1570 869 1625 οῦκ
895 1569 1036 1642 ἀλλότριον

136 1668 223 1725 αὐτοῦ.
254 1667 274 1696 “
283 1672 388 1738 Πνεῦμα
400 1669 451 1741 γὰρ
464 1665 610 1737 άληθείας”
625 1670 781 1741 ὠνόμασται,
796 1673 838 1726 καὶ
851 1670 909 1727 ἔστι
922 1669 1037 1743 Χριστὸς

139 1765 183 1836 “b
203 1760 339 1836 άλὴθεια·”
364 1767 405 1820 καί
425 1771 560 1859 προχεῖται
573 1764 634 1847 παρ’
649 1767 736 1833 αὐτοῦ,
751 1766 1037 1871 καθραρρζέλὲιρκοὶ

136 1862 165 1926 ἐκ
185 1866 232 1918 τοῦ
253 1866 321 1918 Θεοῦ
343 1864 384 1918 καὶ
404 1866 515 1937 Πατρός.
545 1860 706 1938 Ἐνεργῆσαν
724 1869 862 1939 τοιγαροῦν
882 1865 912 1920 τὸ
930 1868 1037 1933 Πνεῦμα

137 1960 178 2014 καί
196 1959 239 2013 διὰ
256 1962 343 2032 χειρὸς
361 1964 412 2016 τῶν
431 1962 511 2033 ἁγίων
527 1961 699 2018 Ἀποστόλων
717 1964 750 2018 τὰ
770 1963 906 2036 παράδοξα
923 1961 987 2031 μετὰ
1005 1961 1036 2015 τδ

136 2053 254 2111 ἀνελθεῖν
272 2058 318 2111 τὸν
338 2056 433 2130 Κῦριον
452 2057 523 2129 ἡμῶν
537 2059 641 2128 Ἰησοῦν
661 2063 777 2132 Χριστὸν
796 2059 833 2117 εἰς
852 2061 898 2115 τδν
917 2057 1034 2130 οῦρανδν,

136 2150 262 2219 ἐδόξασεν
273 2153 359 2207 αὐτόν.
400 2151 559 2223 Ἐπιστεῦθη
576 2157 637 2227 γὰρ,
651 2155 691 2211 ὅτι
705 2158 770 2213 Θεὸς
787 2152 949 2226 κατὰφύσιν
966 2153 1035 2220 ε’στῖ,

136 2248 216 2302 πάλιν
229 2246 306 2304 αι’ντδς
319 2249 428 2320 ε’νεργῶν
441 2250 483 2304 διὰ
496 2253 542 2304 τοῦ
556 2250 625 2306 ίδίου
638 2250 796 2321 Πνεῦματος.
837 2251 887 2305 Διὰ
899 2255 976 2304 τοῦτο
995 2250 1038 2304 καῖ

136 2342 262 2414 ἔφασκεν,
286 2341 354 2397 “ὁ’τι
377 2345 405 2397 ἐκ
425 2347 471 2398 τοῦ
493 2345 555 2414 ἐμοῦ
576 2343 703 2418 λήψεται,
724 2348 766 2401 καί
786 2346 925 2420 ἀναγγελεῖ
946 2341 1036 2414 ῦμῖν.”

137 2441 187 2494 Καὶ
201 2443 257 2494 οὔτε
269 2461 320 2495 που
334 2440 427 2510 φαμὲν,
442 2440 476 2496 ὣς
496 2441 524 2494 ἐκ
536 2446 648 2514 μετοχῆς
667 2445 697 2498 τὸ
711 2443 817 2512 Πνεῦμά
830 2444 888 2498 ε’στι
908 2442 997 2513 σοφόν
1009 2463 1037 2497 τε

137 2539 178 2592 καὶ
192 2537 308 2593 δυνατόν·
327 2535 482 2592 παντέλειαν
498 2510 775 2626 γὰρᾟίάπροσῳίιδ-ενές
788 2539 847 2594 ε’στι
863 2540 959 2595 παντὸς
972 2538 1036 2611 ἀγα·

137 2637 195 2694 θοῦ.
235 2637 341 2709 Ἐπειδὴ
352 2611 514 2708 δῖἷῖμ-τοῦ
527 2624 636 2710 ΠατρδςΙ
650 2639 780 2706 δυνάμεως
793 2637 840 2694 καὶ,
855 2635 963 2707 σοφίας,
978 2656 1037 2689 του·

137 2734 220 2803 τέστε,
239 2740 286 2791 τοῦ
306 2739 379 2800 Υίοῦ,
398 2738 504 2807 Πνεῦμά
528 2736 609 2802 ἔστιν,
630 2735 692 2791 αὐτὸ
709 2735 797 2821 Q&
814 2734 873 2789 ε’στι
889 2731 974 2805 σοφία
995 2733 1037 2789 καί

137 2832 251 2902 δυνάμις.
662 2842 897 2886 V

114 2902 283 2939 &a

570 2995 614 3043 ῙΑ.

177 3123 228 3177 Καὶ
249 3121 337 3193 ἐπειδὴ
359 3126 426 3179 θεὸν
447 3120 573 3178 ίνωθίντα
596 3119 674 3194 σαρκί
695 3118 751 3175 καθ’
772 3116 955 3187 ῦπθστασινῆ
977 3116 1039 3190 ἁγία

136 3217 270 3294 Παρθίνος
292 3219 409 3276 ε’κτὲτοκε
433 3223 570 3291 σαρκικῶς,
593 3215 672 3288 ταῦτῃ
695 3239 737 3273 τοι
759 3217 800 3273 καί
823 3218 950 3271 θεοτόκον
973 3209 1039 3271 εῖνοί

137 3318 224 3390 φαμεν
237 3317 325 3388 αὐτὴν,
339 3318 390 3389 οὐχ
404 3318 438 3373 ὣς
450 3318 496 3386 τῆς
508 3318 555 3370 τοῦ
568 3317 655 3387 Λόγου
668 3312 776 3387 φύσεως
788 3313 835 3382 τὴν
845 3312 890 3382 τῆς
905 3309 1038 3384 ὑπάρξεως
