2356 3780
166 201 204 258 34
415 218 498 260 rmus
518 218 618 260 sinon
637 217 805 260 amaruan.

163 379 259 439 Deum
284 381 316 440 in
342 382 495 457 Trinitate,
518 387 549 444 et
575 382 747 443 Trinitatem
774 381 806 440 in
828 382 948 442 Unitate
973 374 1060 439 rene-

193 495 223 533 m
269 498 277 536 ε

162 493 304 650 reNileipue
330 575 538 636 oonfundentes
564 548 711 650 Personas,
739 594 834 652 nequa
861 571 1058 634 Substantiam

162 673 334 743 separantes.

199 764 268 823 Alia
281 770 325 840 est
343 768 420 827 enim
433 768 558 828 Persona
570 768 675 839 Patris,
689 768 746 827 alia
757 766 838 838 Filii,
853 765 910 825 alia
931 763 1057 842 Spiritus

160 858 267 1016 &Sili⁸
282 957 386 1032 Patris,
415 964 446 1020 et
473 961 553 1037 Filii,
582 965 612 1021 et
639 959 766 1038 Spiritus
792 957 899 1030 Sancti,
928 975 987 1016 una
1012 958 1057 1014 est

158 1049 314 1128 Divinitas,
331 1057 451 1132 oequalis
465 1056 572 1130 Gloria,
589 1068 730 1116 ooaeterna
742 1055 889 1134 Majestas.

197 1148 298 1215 Qualis
310 1150 406 1224 Pater,
421 1153 489 1212 talis
502 1154 605 1229 Filius,
620 1153 687 1213 talis
700 1156 731 1212 et
744 1152 869 1229 Spiritus
883 1151 1013 1211 Sanetus.

195 1246 345 1306 Inoreatus
355 1247 450 1322 Pater,
462 1249 607 1311 increatus
616 1250 720 1317 Filius,
730 1247 875 1307 increatus
888 1252 918 1307 et
928 1246 1053 1325 Spiritus

155 1341 288 1403 Sanetus.

193 1439 357 1500 Immensus
370 1441 466 1512 Pater,
480 1442 638 1502 immensus
654 1442 757 1514 Filius,
773 1441 929 1500 immensus
942 1442 972 1499 et
986 1437 1050 1516 Spi-

154 1533 229 1594 ritus
244 1535 374 1596 Sanctus.

192 1631 333 1690 AEtemus
352 1633 446 1708 Pater,
470 1637 595 1694 aeternus
613 1633 716 1706 Filius,
731 1636 856 1692 aetemus
877 1634 906 1691 et
926 1630 1051 1708 Spiritus

154 1724 285 1786 Sanetus.

191 1823 231 1880 Et
243 1826 340 1881 tamen
353 1842 411 1882 non
423 1828 483 1885 tres
496 1823 606 1897 aeterni,
622 1825 672 1884 sed
685 1844 760 1883 unus
775 1826 909 1883 aeternus.

191 1916 274 1976 Siout
292 1937 350 1976 non
368 1923 427 1978 tres
445 1920 574 1991 increati,
594 1939 648 1979 nee
668 1925 727 1980 tres
746 1918 887 1991 immensi,
909 1919 959 1978 aed
972 1936 1049 1976 unus

149 2011 302 2087 increatus,
318 2017 348 2073 et
361 2034 437 2074 unus
450 2016 614 2075 immensus.

189 2107 338 2183 Similiter,
354 2110 541 2188 Omnipotens
554 2113 650 2187 Pater,
665 2112 852 2190 Omnipotens
864 2110 966 2180 Filius,
979 2111 1047 2170 Om-

148 2203 281 2279 nipotens
294 2208 324 2264 et
339 2205 464 2282 Spiritus
478 2208 610 2268 Sanetus.

186 2301 227 2361 Et
247 2307 344 2362 tamen
366 2324 425 2364 non
445 2312 503 2366 tres
523 2306 750 2384 Omnipotentes,
774 2305 824 2364 sed
847 2322 923 2362 unus
944 2303 1046 2362 Omni-

147 2402 258 2474 potens.

78 2478 80 2482 ,
186 2495 235 2554 Ita
264 2494 348 2558 Deus
378 2498 474 2573 Pater,
504 2500 585 2559 Dens
614 2500 717 2573 Filius,
750 2497 830 2557 Deus
860 2499 890 2555 et
921 2494 1047 2572 Spiritus

149 2588 280 2654 Sanetus.

185 2689 225 2748 Et
237 2693 334 2749 tamen
347 2711 406 2750 non
419 2695 478 2751 tres
491 2691 549 2766 Dii,
567 2694 617 2752 sed
630 2710 706 2751 unus
720 2694 764 2751 est
777 2690 863 2748 Deus.

184 2783 235 2842 Ita
259 2786 402 2845 Dominus
423 2786 519 2860 Pater,
545 2787 688 2847 Dominus
713 2786 816 2860 Filius,
845 2783 988 2844 Dominus
1016 2788 1046 2844 et

146 2877 272 2954 Spiritus
286 2881 417 2943 Sanetus.

182 2975 224 3034 Et
235 2979 333 3035 tamen
346 2998 404 3038 non
416 2984 474 3039 tres
488 2979 615 3052 Domini,
631 2979 681 3037 sed
694 2998 770 3037 unus
784 2981 828 3037 est
840 2977 993 3038 Dominus.

184 3069 261 3136 Quia
284 3072 360 3132 siout
386 3074 557 3149 singillatim
580 3093 814 3151 unamquamque
837 3074 992 3133 Personam
1016 3079 1046 3134 et

142 3165 239 3225 Deum
251 3170 281 3226 et
293 3169 451 3228 Dominum
464 3171 594 3231 confiteri
608 3171 771 3230 Christiana
784 3170 906 3229 veritate
920 3171 1044 3248 compel-

142 3261 245 3335 limur;
265 3263 308 3322 ita
324 3269 383 3323 tres
398 3266 474 3324 Deos
492 3269 544 3326 aut
560 3268 698 3326 Dominos
720 3266 814 3325 dicere
831 3265 979 3325 catholica
996 3285 1041 3324 re-

141 3357 249 3434 ligione
261 3360 456 3438 prohibemur.
