2356 3780
208 205 247 267 54
510 227 533 268 ι.
548 225 666 268 cmm
682 225 798 266 mos.

204 412 254 465 πδν
272 409 413 483 ἐγγραφείς
431 410 473 465 διά
490 410 536 479 τὴν
552 407 680 483 πρόθεσιν
697 409 745 479 τῆςΙ
761 405 946 480 σωφροσίννης,
964 411 1049 476 βλέπε
1066 411 1102 482 μὴ

205 509 286 564 πάλιν
298 506 456 578 ἐξαλειφθῆς
468 507 511 562 διδ
523 506 572 576 τὴν
582 505 704 578 πορνικὴν
716 504 849 578 ἐργασίαν.

243 604 290 657 25.
313 603 357 673 Μὴ
376 603 399 658 δ’
415 601 448 658 αὖ
462 604 542 659 πάλιν
558 601 689 674 κατορθῶν
703 602 750 673 τὴν
763 599 940 675 σωφροσύνην
959 602 1103 674 οτυφωθῇς

205 702 268 755 κατὰ
280 705 332 755 τῶν
344 700 544 768 ὕποβεβηκότων
557 699 585 754 ἐν
599 700 685 774 γάμιρ.
727 703 745 727 “
754 698 843 769 Τίμιος
859 699 911 772 γάρ
932 701 948 753 ό
965 700 1048 772 γάμος
1059 702 1102 756 καί

201 797 216 866 ἡ
231 798 302 866 κοίτη
318 791 466 866 άμίαντος,”
482 798 517 854 ὣς
534 797 620 869 φησὶν
637 797 653 849 ά
670 794 843 852 Ἀπάστολος.
884 796 934 850 Καί
953 796 997 863 σίν,
1021 799 1036 850 ά
1054 797 1101 867 τὴν

202 895 306 966 ἁγνείαν
325 895 400 966 ἔχων,
422 892 473 967 άρα
490 895 536 949 οὔκ
557 895 585 948 ἐκ
604 899 656 949 τῶν
677 895 860 967 γεγαμηκότων
880 892 1033 965 ἐγεννήθης;
1055 895 1099 965 Μὴ

201 992 252 1064 γάρ
266 990 306 1046 ὅτι
319 993 432 1069 χρυσίον
448 996 541 1062 κτῆσιν
553 994 622 1063 ἐχεις
636 992 667 1046 τδ
681 989 805 1064 άργόριον
822 989 1002 1060 ἀποδοκίμαζε·
1022 991 1099 1048 Ἀλλ’

201 1090 334 1148 εόελπιδες
347 1090 468 1146 ἔστωσαν
476 1091 517 1143 καὶ
532 1091 557 1144 οί
571 1090 599 1145 ἐν
610 1090 685 1163 γάμῳ
699 1090 811 1156 νομίμως
824 1091 860 1163 τῷ
873 1089 948 1161 γάμῳ
961 1090 1098 1160 χρεόμενοι,

200 1186 226 1239 οί
244 1187 329 1258 γάμον
345 1185 479 1257 ἔνθεσμον,
497 1186 568 1240 άλλά
583 1185 618 1256 μῆ
636 1187 729 1239 τοῦτον
746 1184 848 1256 άσελγῆ
868 1187 1099 1253 κατασκευάζοντες

200 1280 242 1336 διδ
262 1285 309 1352 τὴν
327 1283 438 1357 ἄμετρον
457 1283 589 1351 ἐξουσίαν,
611 1283 636 1336 οί
662 1283 835 1354 γινώσκοντες
854 1283 957 1354 καιροὺς
977 1282 1098 1347 ἇνέσεως,

174 1382 176 1385 ’
198 1375 239 1434 ίνα
253 1383 407 1452 σχολάζωσι
427 1385 458 1450 τῇ
476 1383 623 1453 προσευχῇ,
642 1380 667 1433 οί
686 1379 819 1447 μετὰτῶν
835 1379 982 1449 ἐνδυμάτων
999 1380 1100 1454 καθαρά

199 1476 395 1551 προσφέροντες
413 1478 441 1532 ἐν
453 1481 510 1535 ταῖς
523 1476 664 1546 σννάξεσιν
682 1476 719 1532 είς
737 1475 878 1544 ἐκκλησίαν
889 1478 923 1531 τά
942 1481 1058 1548 σώματα,
1073 1481 1100 1534 οί

200 1574 242 1628 διδ
255 1575 285 1628 τὸ
298 1578 465 1648 τεκνογονεῖν,
480 1574 541 1629 ἀλλ’
556 1574 586 1629 οίι
600 1574 642 1629 διδ
655 1574 686 1628 τό
699 1573 859 1644 φιληδονείν,
873 1578 910 1649 τῷ
924 1576 999 1650 γάμαρ
1011 1599 1097 1649 προσ-

203 1669 367 1738 εληλυθότες.

239 1766 287 1819 26.
310 1769 359 1822 Καὶ
381 1770 405 1823 οἶ
424 1770 566 1840 ρσνάγαμοι
586 1768 614 1823 δέ
635 1767 696 1825 τοδς
716 1768 827 1842 δειπέριρ
845 1768 920 1843 γάμῳ
942 1790 1097 1839 σνμπεριεν·

200 1862 321 1934 εχθέντσς
338 1863 373 1934 μὴ
389 1863 656 1935 ιίποδοκιμαζέτωσαν·
697 1866 786 1921 Καλόν
798 1867 845 1934 μέν
861 1867 912 1938 γάρ
929 1864 944 1934 ἡ
964 1865 1097 1938 ἐγκράτεια

200 1961 241 2014 καὶ
258 1959 409 2030 θαυμάσιον.
440 1962 612 2034 συγγνωστὸν
630 1963 658 2017 δέ
675 1964 716 2017 καὶ
734 1967 770 2037 τῷ
788 1962 898 2035 δευτέρῳ
916 1961 990 2038 γάρῳ
1010 1985 1096 2035 προσ-

199 2056 285 2111 ελθεῖν
308 2055 349 2112 ἵνα
366 2059 400 2129 μὴ
423 2057 605 2128 πορνεάσωσιν
625 2062 651 2115 οί
673 2058 802 2117 άσθενεῖς.
844 2059 962 2114 ((Καλδν
981 2059 1029 2130 ρέν
1045 2062 1097 2132 γάρ

198 2153 291 2218 αὐτοῖς,
307 2155 351 2209 ἐάν
367 2155 491 2224 μείνωσιν
506 2157 540 2213 ὣς
561 2151 661 2229 '‘drab’'
676 2158 762 2228 φησίν
781 2152 984 2220 όἈπόστολος,
1001 2161 1019 2184 “
1032 2156 1055 2211 εί
1068 2157 1097 2211 δέ

197 2250 242 2306 οὐκ
256 2251 449 2324 ἐγκρατεύονται
466 2255 669 2326 γαμησάτωσαν·
691 2255 817 2326 κρεῖσσον
833 2253 884 2324 γάρ
899 2252 958 2307 ἐστι
970 2255 1096 2324 γαμῆσαι,

198 2344 403 2421 ἣπυροῦσθαι.”
444 2353 481 2406 Τὰ
496 2352 523 2406 δέ
536 2352 617 2407 λοιπὰ
628 2351 712 2407 πάντα
722 2349 879 2422 ἐξοριζέσθω
893 2350 1001 2422 μακράν,
1015 2371 1094 2421 πορν·

199 2445 248 2510 εία,
268 2447 380 2518 μοιχεία,
401 2449 443 2503 καὶ
462 2450 514 2503 πᾶν
534 2449 565 2503 τδ
587 2451 632 2518 τῆς
656 2446 799 2503 ἀκολασίας
821 2442 898 2504 εἶδος.
940 2445 1095 2519 Τετηρῆσθω

198 2543 227 2598 δέ
242 2546 271 2598 τὸ
293 2549 368 2614 σῶμα
386 2548 422 2619 τῷ
443 2545 529 2618 Κυρίῳ
547 2546 668 2617 καθαρὸν,
687 2541 728 2598 ἵνα
745 2546 786 2598 καί
808 2548 822 2599 ὁ
843 2541 936 2617 Κόριος
957 2543 1095 2616 ἐπιβλέψῃ

197 2644 233 2715 τῷ
248 2643 356 2710 σάματι·
377 2641 521 2713 Τρεφέσθω
536 2643 564 2696 δέ
576 2644 607 2697 τὸ
621 2647 698 2712 σῶμα
712 2635 813 2709 σιτίοις,
827 2639 869 2696 ίνα
883 2643 912 2711 ζῇ
927 2644 969 2697 καί
982 2641 1095 2713 άνεμπο·

197 2737 293 2795 δίστως
304 2737 425 2810 ὖπηρετῂ·
446 2738 476 2792 οὔ
490 2739 540 2809 μὴν
552 2737 594 2794 ίνα
606 2742 672 2812 πρὸς
685 2739 787 2811 τρυφὰς
802 2739 902 2808 ἐκδοθῇ.

513 2994 585 3038 ΠΕΡΙ
602 2994 780 3038 ΒΡΩΜΑΤΩΝ.

235 3106 283 3164 27.
305 3111 355 3164 Καὶ
368 3111 427 3182 περί
441 3111 548 3181 τροφῶν
561 3110 630 3164 έστω
651 3109 711 3179 ὑμῖν
728 3112 808 3163 ταῦτα
823 3110 855 3163 τὰ
869 3110 995 3182 δόγματα,
1007 3109 1095 3179 ἐπειδὴ

195 3208 292 3260 πολλοὶ
316 3209 435 3279 καὶπερὶ
458 3210 491 3263 τά
514 3209 639 3279 βρώματα
661 3207 807 3262 πταίουσιν.
850 3208 881 3261 Οί
901 3208 948 3277 μέν
968 3207 1019 3279 γάρ
1041 3209 1096 3263 τοῖς

198 3302 378 3362 εἴδωλοθότοις
399 3306 548 3378 ἀδιαφόρως
574 3306 774 3376 προσέρχονται·
803 3305 828 3358 οί
850 3305 878 3359 δέ
902 3304 1017 3360 άσκοῦσι
1037 3306 1092 3374 μέν,

189 3402 376 3471 κατακρινονσι
394 3405 423 3459 δέ
439 3403 499 3460 τοὺς
519 3401 663 3460 ἐσθίοντας.
706 3404 755 3456 Καὶ
777 3401 910 3474 διαφόρως
933 3403 961 3458 ἐν
980 3406 1016 3478 τῷ
1033 3406 1093 3477 περὶ
