2356 3780
365 212 400 253 11(
420 212 574 255 1111101111
593 213 802 255 nrosrcncnnn.
980 196 1036 254 129

137 383 215 439 veste
238 378 369 439 coccinea
389 365 542 456 Prophetae
567 380 719 439 siluerunt.
762 376 842 437 Audi
866 377 944 436 enim
967 375 1040 453 quid

135 479 214 539 dicat
240 479 348 553 Esaias,
379 478 447 548 ann
473 484 513 538 ast
538 479 583 538 na
605 479 657 556 qni
679 477 753 538 vonit
779 479 811 536 de
832 479 931 551 Edon,
954 476 1041 537 rabor

136 576 358 636 antimentavnm
380 575 437 651 nae
463 594 496 635 en
518 576 637 634 Bonna?
681 575 771 643 Quare
796 573 949 634 indicanda
974 578 1041 632 ennt

137 661 298 732 vestimenta
318 676 376 745 tan,
391 676 419 730 at
439 672 626 731 ininncntnm
647 675 725 729 inan
746 675 877 747 tanquan
897 671 929 729 in
950 675 1040 730 toran·

138 768 197 828 lari
215 767 376 827 calvatum?
414 766 499 827 Unde
520 772 550 826 et
569 767 638 843 Ipse
657 766 814 842 respondit,
832 767 966 827 Torcular
985 765 1040 826 vai·

138 866 201 926 vavi
219 863 301 938 sabin,
315 863 389 941 filioe
405 863 483 922 Sion.
527 862 612 922 Solus
632 862 739 940 estqui
758 864 909 939 peccatum
928 863 1041 922 101111-

127 961 187 1034 cit,
213 964 244 1020 et
269 960 391 1020 abstulit
416 962 533 1036 peccata
553 959 665 1017 mundi.
708 957 841 1026 sienim
866 958 964 1035 potuit
989 979 1042 1038 per

137 1076 230 1115 unum
242 1055 388 1114 hominem
407 1075 485 1114 mors
502 1053 631 1129 introire,
647 1057 756 1131 quanto
775 1054 866 1129 magis
886 1072 1043 1131 perunum

137 1152 292 1225 hominem,
309 1152 360 1228 qui
373 1155 403 1210 et
415 1151 495 1209 Deus
509 1153 579 1224 eret,
595 1150 692 1227 potuit
705 1150 766 1209 vita
778 1148 914 1210 restitui?

179 1252 227 1306 26.
249 1246 388 1305 Refertur
408 1245 494 1305 etiam
515 1245 592 1322 quod
612 1248 691 1304 aceto
711 1249 829 1322 potatus
849 1245 896 1320 sit,
912 1244 961 1304 vel
975 1244 1042 1305 vino

138 1343 295 1420 myrrhato,
318 1342 396 1418 quod
415 1344 459 1400 est
478 1338 603 1399 amarius
622 1340 701 1399 felle.
743 1340 823 1399 Audi
843 1341 914 1419 quid
933 1341 969 1400 de
988 1341 1043 1401 hoe

139 1438 283 1513 Propheta
308 1437 495 1514 praedixerit:
528 1436 572 1494 Et
598 1437 738 1509 navant,
766 1434 872 1512 inquit,
901 1437 933 1495 in
959 1456 1044 1495 nean

140 1554 225 1593 menn
239 1533 335 1609 sciet
308 1534 385 1592 cin
404 1534 459 1593 viti
476 1553 536 1593 nea
550 1537 720 1609 potavvrnnt
733 1553 774 1591 niv
793 1538 874 1592 acaia
916 1535 965 1593 Ad
978 1553 1043 1610 quae

140 1630 349 1730 respondens
336 1649 399 1708 Jam
426 1635 496 1689 tunc
523 1629 619 1688 Moses
646 1629 759 1688 dicebat
786 1629 822 1688 de
847 1631 954 1707 populo
980 1631 1042 1705 isso,

140 1728 189 1786 En
209 1721 296 1786 cincii
317 1727 559 1787 Sodomornni
517 1726 559 1786 vii
561 1726 585 1784 ia
607 1746 708 1800 cavana,
729 1731 756 1786 at
771 1726 879 1802 palmea
899 1747 991 1788 aaran
1013 1728 1045 1802 de

144 1825 298 1885 Gomavvia.
346 1825 404 1885 Uva
417 1844 508 1883 aaran
521 1843 575 1882 vva
586 1823 677 1900 felin,
692 1828 719 1882 vt
739 1823 833 1883 botran
846 1825 1044 1884 amaritudinis

140 1922 219 1996 ipsis.
262 1922 302 1981 Et
321 1920 437 1993 iterum,
454 1922 615 1997 exprobans
630 1939 678 1979 eos
697 1919 776 1994 dicit,
792 1921 919 1996 Popnlne
939 1921 1043 1982 stultns

139 2022 166 2076 ai
192 2038 247 2077 non
274 2019 393 2093 capiens,
418 2017 474 2076 licea
501 2017 620 2076 Domina
646 2017 831 2076 retribuisti?
872 2017 930 2076 Sed
955 2022 985 2077 et
1011 2017 1043 2075 in

142 2112 270 2172 Canticis
296 2115 395 2172 eadem
421 2113 667 2190 praenunciantur,
691 2113 743 2171 ubi
770 2112 857 2172 etiem
883 2114 985 2172 hortus
1011 2114 1044 2171 11

140 2227 197 2284 quo
219 2208 376 2266 crucifixus
399 2212 443 2267 est
463 2207 638 2283 designatur.
680 2207 761 2266 Dicit
781 2227 857 2282 ergo,
879 2209 994 2267 Intravi
1012 2210 1043 2266 in

140 2304 248 2363 natan
262 2324 357 2377 mann,
374 2322 526 2363 enormen
545 2323 652 2378 sponsa,
669 2309 695 2362 vt
712 2304 882 2364 vindemiavi
899 2305 1043 2380 inveniann

140 2420 235 2459 mean.
276 2399 336 2458 Ubi
359 2399 507 2458 evidenter
527 2398 629 2457 vinum
648 2400 831 2476 myrrhatum
850 2419 907 2475 quc
927 2403 1043 2476 potatus

140 2502 184 2556 est
197 2496 363 2556 declaravit.

181 2593 229 2652 27
251 2594 292 2652 Et
306 2592 440 2669 spiritum
459 2597 525 2669 post
543 2592 606 2650 haec
627 2591 764 2651 scribitur
783 2591 949 2650 reddidisse
965 2592 1042 2650 Prae·

139 2688 311 2748 nunciatum
331 2689 427 2748 fuerat
447 2692 477 2748 et
496 2690 551 2747 hoc
573 2707 625 2764 per
643 2687 825 2763 Prophetam,
842 2686 984 2746 dicentem
1004 2708 1043 2747 ex

139 2803 260 2861 persona
272 2783 343 2841 Filii
357 2785 394 2842 ad
407 2785 532 2858 Patrem,
548 2784 585 2842 In
598 2802 694 2841 manne
714 2787 775 2841 tnac
793 2785 941 2841 commendo
954 2785 1041 2860 epiri·

142 2885 202 2938 tnnc
222 2900 322 2940 ancnm.
364 2880 504 2957 Sepultus
523 2880 701 2957 perhibetur,
718 2883 748 2938 et
766 2878 840 2956 lapis
858 2899 979 2954 magnus
992 2900 1042 2957 ap.

140 2975 251 3052 positus
271 2981 338 3036 ante
351 2977 458 3036 ostium
477 2975 665 3034 monumenti.
706 2977 813 3052 Accipe
833 2975 920 3034 etiam
933 2977 969 3034 de
988 2977 1042 3036 hoc

141 3071 212 3148 quid
224 3072 410 3148 propheticus
429 3093 482 3149 per
494 3074 513 3133 J
514 3073 648 3132 eremium
662 3093 752 3131 senno
772 3072 948 3149 praedixerit,
964 3073 1043 3133 Mor.

143 3169 325 3245 intraverant,
345 3169 452 3246 inquit,
475 3170 506 3227 in
527 3169 614 3227 lacum
629 3169 715 3228 vitani
734 3189 829 3240 menn,
850 3173 877 3226 at
892 3175 1043 3245 posuerant

142 3265 261 3339 lapidem
281 3285 362 3340 caper
382 3285 431 3324 ine.
473 3264 697 3324 Evidentissima
719 3265 781 3324 haec
801 3265 956 3341 sepulturae
979 3267 1043 3344 ejus

141 3360 249 3419 indicia
274 3359 454 3438 Propheticis
480 3361 599 3420 vocibus
631 3361 780 3438 designata
807 3366 883 3420 sunt.
936 3362 1043 3441 Accipe

584 3476 605 3516 11
