<?xml version="1.0" encoding="UTF-8"?>
<!DOCTYPE html PUBLIC "-//W3C//DTD XHTML 1.0 Transitional//EN"
    "http://www.w3.org/TR/xhtml1/DTD/xhtml1-transitional.dtd">
<html xmlns="http://www.w3.org/1999/xhtml" xml:lang="en" lang="en">
 <head>
  <title>
</title>
<meta http-equiv="Content-Type" content="text/html;charset=utf-8" />
  <meta name='ocr-system' content='tesseract 3.04.00' />
  <meta name='ocr-capabilities' content='ocr_page ocr_carea ocr_par ocr_line ocrx_word'/>
</head>
<body>
  <div class='ocr_page' id='page_1' title='image "./defideetsymbolo00heurgoog_0021.png"; bbox 0 0 2356 3780; ppageno 0'>
   <div class='ocr_carea' id='block_1_1' title="bbox 110 202 915 256">
    <p class='ocr_par' dir='ltr' id='par_1_1' title="bbox 110 202 915 256">
     <span class='ocr_line' id='line_1_1' title="bbox 110 202 915 256; baseline 0 -5"><span class='ocrx_word' id='word_1_1' title='bbox 110 202 127 255; x_wconf 92' lang='lat'>8</span> <span class='ocrx_word' id='word_1_2' title='bbox 196 208 446 256; x_wconf 69' lang='lat' dir='ltr'>mom-nun</span> <span class='ocrx_word' id='word_1_3' title='bbox 466 203 703 251; x_wconf 76' lang='grc' dir='ltr'>αουευτυυντουυο</span> <span class='ocrx_word' id='word_1_4' title='bbox 722 209 915 251; x_wconf 71' lang='grc' dir='ltr'>κνοατουτυια.</span> 
     </span>
    </p>
   </div>
   <div class='ocr_carea' id='block_1_2' title="bbox 144 389 889 1048">
    <p class='ocr_par' dir='ltr' id='par_1_2' title="bbox 144 389 889 1048">
     <span class='ocr_line' id='line_1_2' title="bbox 149 389 889 465; baseline 0 -17"><span class='ocrx_word' id='word_1_5' title='bbox 149 395 174 448; x_wconf 86' lang='grc'>3.</span> <span class='ocrx_word' id='word_1_6' title='bbox 195 395 246 449; x_wconf 86' lang='grc' dir='ltr'>Τὸν</span> <span class='ocrx_word' id='word_1_7' title='bbox 258 389 299 448; x_wconf 75' lang='grc' dir='ltr'>ἐπ’</span> <span class='ocrx_word' id='word_1_8' title='bbox 314 392 433 463; x_wconf 80' lang='grc' dir='ltr'>ἐσχάτων</span> <span class='ocrx_word' id='word_1_9' title='bbox 444 391 544 464; x_wconf 78' lang='grc' dir='ltr'>ἡμερῶν</span> <span class='ocrx_word' id='word_1_10' title='bbox 557 391 712 447; x_wconf 80' lang='grc' dir='ltr'>κατελθόντα</span> <span class='ocrx_word' id='word_1_11' title='bbox 725 392 755 462; x_wconf 79' lang='grc' dir='ltr'>ἐξ</span> <span class='ocrx_word' id='word_1_12' title='bbox 768 392 889 465; x_wconf 81' lang='grc' dir='ltr'>οὐρανῶν,</span> 
     </span>
     <span class='ocr_line' id='line_1_3' title="bbox 196 489 522 562; baseline -0.003 -18"><span class='ocrx_word' id='word_1_13' title='bbox 196 491 238 545; x_wconf 79' lang='grc' dir='ltr'>καὶ</span> <span class='ocrx_word' id='word_1_14' title='bbox 251 489 337 562; x_wconf 83' lang='grc' dir='ltr'>σάρκα</span> <span class='ocrx_word' id='word_1_15' title='bbox 349 489 522 554; x_wconf 83' lang='grc' dir='ltr'>ἀναλαβόντα,</span> 
     </span>
     <span class='ocr_line' id='line_1_4' title="bbox 190 586 848 661; baseline 0 -17"><span class='ocrx_word' id='word_1_16' title='bbox 190 586 237 644; x_wconf 79' lang='grc' dir='ltr'>καὶ</span> <span class='ocrx_word' id='word_1_17' title='bbox 250 589 278 643; x_wconf 86' lang='grc' dir='ltr'>ε’κ</span> <span class='ocrx_word' id='word_1_18' title='bbox 291 590 336 658; x_wconf 83' lang='grc' dir='ltr'>τῆς</span> <span class='ocrx_word' id='word_1_19' title='bbox 348 588 423 660; x_wconf 82' lang='grc' dir='ltr'>ὁγίας</span> <span class='ocrx_word' id='word_1_20' title='bbox 434 587 562 661; x_wconf 78' lang='grc' dir='ltr'>παρθένου</span> <span class='ocrx_word' id='word_1_21' title='bbox 576 589 674 661; x_wconf 80' lang='grc' dir='ltr'>Μαρίας</span> <span class='ocrx_word' id='word_1_22' title='bbox 688 589 848 661; x_wconf 75' lang='grc' dir='ltr'>γεννηθέντα,</span> 
     </span>
     <span class='ocr_line' id='line_1_5' title="bbox 193 685 819 757; baseline 0.003 -16"><span class='ocrx_word' id='word_1_23' title='bbox 193 688 234 742; x_wconf 79' lang='grc' dir='ltr'>καὶ</span> <span class='ocrx_word' id='word_1_24' title='bbox 247 685 468 756; x_wconf 80' lang='grc' dir='ltr'>πολιτευσόμενον</span> <span class='ocrx_word' id='word_1_25' title='bbox 481 685 561 742; x_wconf 86' lang='grc' dir='ltr'>ὁσίως</span> <span class='ocrx_word' id='word_1_26' title='bbox 575 687 638 740; x_wconf 80' lang='grc' dir='ltr'>κατὰ</span> <span class='ocrx_word' id='word_1_27' title='bbox 652 685 712 742; x_wconf 74' lang='grc' dir='ltr'>τοὺς</span> <span class='ocrx_word' id='word_1_28' title='bbox 725 690 819 757; x_wconf 83' lang='grc' dir='ltr'>νόμους</span> 
     </span>
     <span class='ocr_line' id='line_1_6' title="bbox 232 782 630 855; baseline 0 -19"><span class='ocrx_word' id='word_1_29' title='bbox 232 786 279 837; x_wconf 86' lang='grc' dir='ltr'>τοῦ</span> <span class='ocrx_word' id='word_1_30' title='bbox 292 785 360 836; x_wconf 79' lang='grc' dir='ltr'>Θεοῦ</span> <span class='ocrx_word' id='word_1_31' title='bbox 373 784 414 836; x_wconf 86' lang='grc' dir='ltr'>καὶ</span> <span class='ocrx_word' id='word_1_32' title='bbox 427 785 530 855; x_wconf 82' lang='grc' dir='ltr'>Πατρός</span> <span class='ocrx_word' id='word_1_33' title='bbox 542 782 630 849; x_wconf 74' lang='grc' dir='ltr'>αὐτοῦ,</span> 
     </span>
     <span class='ocr_line' id='line_1_7' title="bbox 144 877 756 950; baseline -0.005 -14"><span class='ocrx_word' id='word_1_34' title='bbox 144 883 172 937; x_wconf 89' lang='grc'>4.</span> <span class='ocrx_word' id='word_1_35' title='bbox 195 881 245 935; x_wconf 80' lang='grc' dir='ltr'>Καὶ</span> <span class='ocrx_word' id='word_1_36' title='bbox 257 877 437 950; x_wconf 83' lang='grc' dir='ltr'>σταυρωθέντα</span> <span class='ocrx_word' id='word_1_37' title='bbox 450 880 492 935; x_wconf 81' lang='grc' dir='ltr'>ἐπὶ</span> <span class='ocrx_word' id='word_1_38' title='bbox 506 878 618 933; x_wconf 92' lang='grc' dir='ltr'>Ποντίου</span> <span class='ocrx_word' id='word_1_39' title='bbox 631 879 756 941; x_wconf 90' lang='grc' dir='ltr'>Πιλάτου,</span> 
     </span>
     <span class='ocr_line' id='line_1_8' title="bbox 193 975 577 1048; baseline -0.005 -16"><span class='ocrx_word' id='word_1_40' title='bbox 193 977 235 1032; x_wconf 73' lang='grc' dir='ltr'>καί</span> <span class='ocrx_word' id='word_1_41' title='bbox 247 975 408 1031; x_wconf 86' lang='grc' dir='ltr'>ἀποθανόντα</span> <span class='ocrx_word' id='word_1_42' title='bbox 420 976 485 1048; x_wconf 74' lang='grc' dir='ltr'>ὑπὲρ</span> <span class='ocrx_word' id='word_1_43' title='bbox 498 975 577 1046; x_wconf 79' lang='grc' dir='ltr'>ἡμῶν,</span> 
     </span>
    </p>
   </div>
   <div class='ocr_carea' id='block_1_3' title="bbox 131 1072 774 1146">
    <p class='ocr_par' dir='ltr' id='par_1_3' title="bbox 131 1072 774 1146">
     <span class='ocr_line' id='line_1_9' title="bbox 131 1072 774 1146; baseline -0.006 -15"><span class='ocrx_word' id='word_1_44' title='bbox 131 1077 170 1146; x_wconf 65' lang='grc' dir='ltr'>ἶ5.</span> <span class='ocrx_word' id='word_1_45' title='bbox 193 1075 242 1131; x_wconf 79' lang='grc' dir='ltr'>Καὶ</span> <span class='ocrx_word' id='word_1_46' title='bbox 255 1073 401 1128; x_wconf 81' lang='grc' dir='ltr'>ἀναστάντα</span> <span class='ocrx_word' id='word_1_47' title='bbox 414 1074 442 1128; x_wconf 89' lang='grc' dir='ltr'>ε’κ</span> <span class='ocrx_word' id='word_1_48' title='bbox 455 1078 550 1146; x_wconf 81' lang='grc' dir='ltr'>νεκρῶν</span> <span class='ocrx_word' id='word_1_49' title='bbox 561 1073 626 1142; x_wconf 87' lang='grc' dir='ltr'>μετά</span> <span class='ocrx_word' id='word_1_50' title='bbox 639 1075 669 1127; x_wconf 86' lang='grc' dir='ltr'>τὸ</span> <span class='ocrx_word' id='word_1_51' title='bbox 682 1072 774 1128; x_wconf 84' lang='grc' dir='ltr'>ποθεῖν</span> 
     </span>
    </p>
   </div>
   <div class='ocr_carea' id='block_1_4' title="bbox 98 1168 999 2978">
    <p class='ocr_par' dir='ltr' id='par_1_4' title="bbox 98 1168 999 2978">
     <span class='ocr_line' id='line_1_10' title="bbox 229 1168 449 1242; baseline -0.027 -3"><span class='ocrx_word' id='word_1_52' title='bbox 229 1192 260 1239; x_wconf 80' lang='grc' dir='ltr'>ατ</span> <span class='ocrx_word' id='word_1_53' title='bbox 273 1170 346 1242; x_wconf 68' lang='grc' dir='ltr'>τρίτα</span> <span class='ocrx_word' id='word_1_54' title='bbox 359 1168 449 1242; x_wconf 66' lang='grc' dir='ltr'>ἦνέτι,</span> 
     </span>
     <span class='ocr_line' id='line_1_11' title="bbox 142 1265 665 1336; baseline -0.002 -13"><span class='ocrx_word' id='word_1_55' title='bbox 142 1270 168 1323; x_wconf 89' lang='grc'>6.</span> <span class='ocrx_word' id='word_1_56' title='bbox 191 1268 240 1323; x_wconf 81' lang='grc' dir='ltr'>Καὶ</span> <span class='ocrx_word' id='word_1_57' title='bbox 253 1265 397 1320; x_wconf 84' lang='grc' dir='ltr'>ἀνελθόντα</span> <span class='ocrx_word' id='word_1_58' title='bbox 410 1266 447 1323; x_wconf 82' lang='grc' dir='ltr'>είς</span> <span class='ocrx_word' id='word_1_59' title='bbox 459 1266 519 1321; x_wconf 83' lang='grc' dir='ltr'>τοὺς</span> <span class='ocrx_word' id='word_1_60' title='bbox 534 1265 665 1336; x_wconf 76' lang='grc' dir='ltr'>οὐρανοὺς,</span> 
     </span>
     <span class='ocr_line' id='line_1_12' title="bbox 190 1363 713 1434; baseline -0.006 -14"><span class='ocrx_word' id='word_1_61' title='bbox 190 1367 231 1420; x_wconf 82' lang='grc' dir='ltr'>καὶ</span> <span class='ocrx_word' id='word_1_62' title='bbox 244 1363 402 1418; x_wconf 79' lang='grc' dir='ltr'>καθεσθέντα</span> <span class='ocrx_word' id='word_1_63' title='bbox 415 1363 443 1418; x_wconf 87' lang='grc' dir='ltr'>ε’ν</span> <span class='ocrx_word' id='word_1_64' title='bbox 457 1363 529 1432; x_wconf 77' lang='grc' dir='ltr'>δεξία</span> <span class='ocrx_word' id='word_1_65' title='bbox 542 1366 589 1431; x_wconf 86' lang='grc' dir='ltr'>τοῦ</span> <span class='ocrx_word' id='word_1_66' title='bbox 602 1363 713 1434; x_wconf 84' lang='grc' dir='ltr'>Ποτρὸς,</span> 
     </span>
     <span class='ocr_line' id='line_1_13' title="bbox 144 1458 999 1533; baseline -0.007 -15"><span class='ocrx_word' id='word_1_67' title='bbox 144 1463 169 1523; x_wconf 87' lang='grc'>7.</span> <span class='ocrx_word' id='word_1_68' title='bbox 191 1463 240 1518; x_wconf 81' lang='grc' dir='ltr'>Καὶ</span> <span class='ocrx_word' id='word_1_69' title='bbox 262 1463 342 1517; x_wconf 81' lang='grc' dir='ltr'>πάλιν</span> <span class='ocrx_word' id='word_1_70' title='bbox 365 1462 511 1533; x_wconf 84' lang='grc' dir='ltr'>ε’ρχόρενον,</span> <span class='ocrx_word' id='word_1_71' title='bbox 530 1459 572 1514; x_wconf 85' lang='grc' dir='ltr'>ε’ττὶ</span> <span class='ocrx_word' id='word_1_72' title='bbox 593 1460 727 1528; x_wconf 78' lang='grc' dir='ltr'>συντελείᾳ</span> <span class='ocrx_word' id='word_1_73' title='bbox 749 1463 794 1513; x_wconf 85' lang='grc' dir='ltr'>τοῦ</span> <span class='ocrx_word' id='word_1_74' title='bbox 812 1458 915 1523; x_wconf 78' lang='grc' dir='ltr'>αἰῶνος,</span> <span class='ocrx_word' id='word_1_75' title='bbox 935 1459 999 1528; x_wconf 79' lang='grc' dir='ltr'>μετὰ</span> 
     </span>
     <span class='ocr_line' id='line_1_14' title="bbox 219 1558 303 1626; baseline 0.012 -14"><span class='ocrx_word' id='word_1_76' title='bbox 219 1558 303 1626; x_wconf 69' lang='grc' dir='ltr'>δόξαν,</span> 
     </span>
     <span class='ocr_line' id='line_1_15' title="bbox 189 1652 559 1727; baseline 0.003 -18"><span class='ocrx_word' id='word_1_77' title='bbox 189 1658 270 1727; x_wconf 83' lang='grc' dir='ltr'>κρῖναι</span> <span class='ocrx_word' id='word_1_78' title='bbox 284 1655 379 1720; x_wconf 77' lang='grc' dir='ltr'>ζῶντας</span> <span class='ocrx_word' id='word_1_79' title='bbox 392 1652 433 1705; x_wconf 84' lang='grc' dir='ltr'>καὶ</span> <span class='ocrx_word' id='word_1_80' title='bbox 447 1652 559 1724; x_wconf 77' lang='grc' dir='ltr'>νεκρούς·</span> 
     </span>
     <span class='ocr_line' id='line_1_16' title="bbox 190 1747 672 1829; baseline 0 -23"><span class='ocrx_word' id='word_1_81' title='bbox 190 1750 222 1829; x_wconf 75' lang='grc' dir='ltr'>οὗ</span> <span class='ocrx_word' id='word_1_82' title='bbox 234 1753 280 1820; x_wconf 74' lang='grc' dir='ltr'>τῆς</span> <span class='ocrx_word' id='word_1_83' title='bbox 292 1747 430 1815; x_wconf 84' lang='grc' dir='ltr'>βασιλείας</span> <span class='ocrx_word' id='word_1_84' title='bbox 443 1749 489 1803; x_wconf 84' lang='grc' dir='ltr'>οὐκ</span> <span class='ocrx_word' id='word_1_85' title='bbox 501 1751 577 1805; x_wconf 72' lang='grc' dir='ltr'>ἔσται</span> <span class='ocrx_word' id='word_1_86' title='bbox 589 1751 672 1806; x_wconf 73' lang='grc' dir='ltr'>τέλος</span> 
     </span>
     <span class='ocr_line' id='line_1_17' title="bbox 141 1844 768 1919; baseline -0.003 -15"><span class='ocrx_word' id='word_1_87' title='bbox 141 1851 169 1905; x_wconf 90' lang='grc'>8.</span> <span class='ocrx_word' id='word_1_88' title='bbox 191 1847 348 1916; x_wconf 76' lang='grc' dir='ltr'>Βαπτίζομαι</span> <span class='ocrx_word' id='word_1_89' title='bbox 361 1845 403 1899; x_wconf 88' lang='grc' dir='ltr'>καὶ</span> <span class='ocrx_word' id='word_1_90' title='bbox 417 1845 453 1902; x_wconf 86' lang='grc' dir='ltr'>είς</span> <span class='ocrx_word' id='word_1_91' title='bbox 467 1849 496 1900; x_wconf 86' lang='grc' dir='ltr'>τὸ</span> <span class='ocrx_word' id='word_1_92' title='bbox 511 1851 616 1918; x_wconf 82' lang='grc' dir='ltr'>Πνεῦμα</span> <span class='ocrx_word' id='word_1_93' title='bbox 628 1847 658 1901; x_wconf 81' lang='grc' dir='ltr'>τὸ</span> <span class='ocrx_word' id='word_1_94' title='bbox 667 1844 768 1919; x_wconf 77' lang='grc' dir='ltr'>Ἀγιον,</span> 
     </span>
     <span class='ocr_line' id='line_1_18' title="bbox 189 1943 561 2016; baseline -0.003 -16"><span class='ocrx_word' id='word_1_95' title='bbox 189 1943 310 2000; x_wconf 74' lang='grc' dir='ltr'>τουτέστι</span> <span class='ocrx_word' id='word_1_96' title='bbox 323 1944 368 1997; x_wconf 81' lang='grc' dir='ltr'>τὸν</span> <span class='ocrx_word' id='word_1_97' title='bbox 381 1945 561 2016; x_wconf 80' lang='grc' dir='ltr'>Παρόκλητον,</span> 
     </span>
     <span class='ocr_line' id='line_1_19' title="bbox 189 2038 843 2114; baseline 0.003 -18"><span class='ocrx_word' id='word_1_98' title='bbox 189 2044 219 2096; x_wconf 85' lang='grc' dir='ltr'>τὸ</span> <span class='ocrx_word' id='word_1_99' title='bbox 232 2042 376 2113; x_wconf 80' lang='grc' dir='ltr'>ε’νεργῆσαν</span> <span class='ocrx_word' id='word_1_100' title='bbox 388 2041 416 2093; x_wconf 83' lang='grc' dir='ltr'>ἐν</span> <span class='ocrx_word' id='word_1_101' title='bbox 428 2043 510 2095; x_wconf 84' lang='grc' dir='ltr'>πᾶσιν</span> <span class='ocrx_word' id='word_1_102' title='bbox 522 2045 576 2099; x_wconf 82' lang='grc' dir='ltr'>τοῖς</span> <span class='ocrx_word' id='word_1_103' title='bbox 588 2038 632 2097; x_wconf 88' lang='grc' dir='ltr'>ἀπ’</span> <span class='ocrx_word' id='word_1_104' title='bbox 648 2042 738 2099; x_wconf 86' lang='grc' dir='ltr'>αίῶνος</span> <span class='ocrx_word' id='word_1_105' title='bbox 751 2042 843 2114; x_wconf 75' lang='grc' dir='ltr'>ἁγίοις,</span> 
     </span>
     <span class='ocr_line' id='line_1_20' title="bbox 189 2136 879 2212; baseline 0 -18"><span class='ocrx_word' id='word_1_106' title='bbox 189 2136 299 2211; x_wconf 79' lang='grc' dir='ltr'>ὕστερον</span> <span class='ocrx_word' id='word_1_107' title='bbox 312 2137 340 2192; x_wconf 79' lang='grc' dir='ltr'>δὲ</span> <span class='ocrx_word' id='word_1_108' title='bbox 353 2137 503 2192; x_wconf 80' lang='grc' dir='ltr'>ἀποσταλέν</span> <span class='ocrx_word' id='word_1_109' title='bbox 516 2141 557 2194; x_wconf 76' lang='grc' dir='ltr'>καὶ</span> <span class='ocrx_word' id='word_1_110' title='bbox 570 2143 624 2194; x_wconf 84' lang='grc' dir='ltr'>τοῖς</span> <span class='ocrx_word' id='word_1_111' title='bbox 636 2139 796 2197; x_wconf 77' lang='grc' dir='ltr'>ἀποστόλοις</span> <span class='ocrx_word' id='word_1_112' title='bbox 808 2143 879 2212; x_wconf 85' lang='grc' dir='ltr'>παρὰ</span> 
     </span>
     <span class='ocr_line' id='line_1_21' title="bbox 229 2235 894 2310; baseline 0.005 -20"><span class='ocrx_word' id='word_1_113' title='bbox 229 2240 276 2291; x_wconf 85' lang='grc' dir='ltr'>τοῦ</span> <span class='ocrx_word' id='word_1_114' title='bbox 289 2235 400 2306; x_wconf 83' lang='grc' dir='ltr'>Πατρός,</span> <span class='ocrx_word' id='word_1_115' title='bbox 415 2235 478 2288; x_wconf 86' lang='grc' dir='ltr'>κατά</span> <span class='ocrx_word' id='word_1_116' title='bbox 491 2236 537 2307; x_wconf 78' lang='grc' dir='ltr'>τὴν</span> <span class='ocrx_word' id='word_1_117' title='bbox 549 2236 705 2310; x_wconf 77' lang='grc' dir='ltr'>ἐπαγγελίαν</span> <span class='ocrx_word' id='word_1_118' title='bbox 717 2241 763 2291; x_wconf 86' lang='grc' dir='ltr'>τοῦ</span> <span class='ocrx_word' id='word_1_119' title='bbox 777 2239 894 2310; x_wconf 73' lang='grc' dir='ltr'>Σωτῆρος</span> 
     </span>
     <span class='ocr_line' id='line_1_22' title="bbox 229 2328 864 2403; baseline 0.008 -18"><span class='ocrx_word' id='word_1_120' title='bbox 229 2331 308 2401; x_wconf 77' lang='grc' dir='ltr'>ἡμῶν,</span> <span class='ocrx_word' id='word_1_121' title='bbox 324 2330 419 2400; x_wconf 80' lang='grc' dir='ltr'>Κυρίου</span> <span class='ocrx_word' id='word_1_122' title='bbox 432 2328 521 2400; x_wconf 79' lang='grc' dir='ltr'>Ἰησοῦ</span> <span class='ocrx_word' id='word_1_123' title='bbox 535 2336 660 2403; x_wconf 85' lang='grc' dir='ltr'>Χριστοῦ,</span> <span class='ocrx_word' id='word_1_124' title='bbox 672 2335 714 2388; x_wconf 84' lang='grc' dir='ltr'>καὶ</span> <span class='ocrx_word' id='word_1_125' title='bbox 727 2334 790 2402; x_wconf 85' lang='grc' dir='ltr'>μετά</span> <span class='ocrx_word' id='word_1_126' title='bbox 802 2333 864 2390; x_wconf 75' lang='grc' dir='ltr'>τοὺς</span> 
     </span>
     <span class='ocr_line' id='line_1_23' title="bbox 182 2428 771 2488; baseline 0.003 -6"><span class='ocrx_word' id='word_1_127' title='bbox 182 2485 183 2488; x_wconf 53' lang='lat'>,</span> <span class='ocrx_word' id='word_1_128' title='bbox 228 2429 393 2485; x_wconf 83' lang='grc' dir='ltr'>ἀπόστολους</span> <span class='ocrx_word' id='word_1_129' title='bbox 406 2429 434 2483; x_wconf 77' lang='grc' dir='ltr'>δὲ</span> <span class='ocrx_word' id='word_1_130' title='bbox 447 2432 514 2483; x_wconf 83' lang='grc' dir='ltr'>πᾶσι</span> <span class='ocrx_word' id='word_1_131' title='bbox 526 2431 581 2487; x_wconf 83' lang='grc' dir='ltr'>τοῖς</span> <span class='ocrx_word' id='word_1_132' title='bbox 593 2428 771 2485; x_wconf 75' lang='grc' dir='ltr'>πιστεύουσιν·</span> 
     </span>
     <span class='ocr_line' id='line_1_24' title="bbox 161 2523 653 2598; baseline 0.004 -19"><span class='ocrx_word' id='word_1_133' title='bbox 161 2527 188 2579; x_wconf 90' lang='grc'>9.</span> <span class='ocrx_word' id='word_1_134' title='bbox 208 2523 253 2578; x_wconf 90' lang='grc' dir='ltr'>Ἐν</span> <span class='ocrx_word' id='word_1_135' title='bbox 266 2535 298 2595; x_wconf 81' lang='grc' dir='ltr'>τῇ</span> <span class='ocrx_word' id='word_1_136' title='bbox 310 2525 371 2598; x_wconf 76' lang='grc' dir='ltr'>ἁγίᾳ</span> <span class='ocrx_word' id='word_1_137' title='bbox 384 2523 508 2594; x_wconf 79' lang='grc' dir='ltr'>καθολικῇ</span> <span class='ocrx_word' id='word_1_138' title='bbox 520 2526 653 2596; x_wconf 77' lang='grc' dir='ltr'>ἐκκλησίᾳ·</span> 
     </span>
     <span class='ocr_line' id='line_1_25' title="bbox 98 2619 525 2695; baseline 0.005 -22"><span class='ocrx_word' id='word_1_139' title='bbox 98 2690 100 2695; x_wconf 17' lang='grc' dir='ltr'><strong><em>Α</em></strong></span> <span class='ocrx_word' id='word_1_140' title='bbox 143 2620 188 2674; x_wconf 92' lang='lat' dir='ltr'>ll.</span> <span class='ocrx_word' id='word_1_141' title='bbox 208 2619 253 2677; x_wconf 82' lang='grc' dir='ltr'>Εἷς</span> <span class='ocrx_word' id='word_1_142' title='bbox 267 2620 362 2690; x_wconf 87' lang='grc' dir='ltr'>σαρκὸς</span> <span class='ocrx_word' id='word_1_143' title='bbox 375 2619 525 2675; x_wconf 89' lang='grc' dir='ltr'>ἀνάστασιν·</span> 
     </span>
     <span class='ocr_line' id='line_1_26' title="bbox 144 2715 570 2788; baseline 0.002 -18"><span class='ocrx_word' id='word_1_144' title='bbox 144 2716 189 2770; x_wconf 89' lang='grc'>10.</span> <span class='ocrx_word' id='word_1_145' title='bbox 212 2717 261 2771; x_wconf 77' lang='grc' dir='ltr'>Καὶ</span> <span class='ocrx_word' id='word_1_146' title='bbox 274 2716 310 2772; x_wconf 83' lang='grc' dir='ltr'>εἷς</span> <span class='ocrx_word' id='word_1_147' title='bbox 322 2715 421 2787; x_wconf 83' lang='grc' dir='ltr'>ἀφεσιν</span> <span class='ocrx_word' id='word_1_148' title='bbox 434 2720 570 2788; x_wconf 82' lang='grc' dir='ltr'>ἁμαρτιῶν·</span> 
     </span>
     <span class='ocr_line' id='line_1_27' title="bbox 143 2812 594 2885; baseline 0.002 -19"><span class='ocrx_word' id='word_1_149' title='bbox 143 2812 188 2866; x_wconf 78' lang='lat'>12.</span> <span class='ocrx_word' id='word_1_150' title='bbox 209 2813 257 2866; x_wconf 82' lang='grc' dir='ltr'>Καὶ</span> <span class='ocrx_word' id='word_1_151' title='bbox 271 2812 308 2868; x_wconf 87' lang='grc' dir='ltr'>είς</span> <span class='ocrx_word' id='word_1_152' title='bbox 319 2812 460 2878; x_wconf 84' lang='grc' dir='ltr'>βασιλείαν</span> <span class='ocrx_word' id='word_1_153' title='bbox 473 2813 594 2885; x_wconf 77' lang='grc' dir='ltr'>οὐρανῶν,</span> 
     </span>
     <span class='ocr_line' id='line_1_28' title="bbox 206 2907 759 2978; baseline 0.005 -16"><span class='ocrx_word' id='word_1_154' title='bbox 206 2911 247 2964; x_wconf 82' lang='grc' dir='ltr'>καὶ</span> <span class='ocrx_word' id='word_1_155' title='bbox 260 2908 296 2965; x_wconf 84' lang='grc' dir='ltr'>είς</span> <span class='ocrx_word' id='word_1_156' title='bbox 309 2908 375 2977; x_wconf 76' lang='grc' dir='ltr'>ζωὴν</span> <span class='ocrx_word' id='word_1_157' title='bbox 386 2911 432 2962; x_wconf 80' lang='grc' dir='ltr'>τοῦ</span> <span class='ocrx_word' id='word_1_158' title='bbox 444 2907 588 2978; x_wconf 82' lang='grc' dir='ltr'>ρελλοντος</span> <span class='ocrx_word' id='word_1_159' title='bbox 601 2908 699 2965; x_wconf 80' lang='grc' dir='ltr'>αἰῶνος.</span> <span class='ocrx_word' id='word_1_160' title='bbox 756 2970 759 2976; x_wconf 58' lang='grc'>,</span> 
     </span>
    </p>
   </div>
   <div class='ocr_carea' id='block_1_5' title="bbox 0 0 1182 3780">
    <p class='ocr_par' dir='ltr' id='par_1_5' title="bbox 0 0 1182 3780">
     <span class='ocr_line' id='line_1_29' title="bbox 0 0 1182 3780; baseline 0 0"><span class='ocrx_word' id='word_1_161' title='bbox 0 0 1182 3780; x_wconf 95' lang='lat' dir='ltr'> </span> 
     </span>
    </p>
   </div>
  </div>
 </body>
</html>
