2356 3780
151 236 208 293 136
426 252 532 294 earnm
551 253 775 295 oonmmsnms

149 435 216 475 eum
228 415 364 489 volueris,
379 416 441 493 ipse
460 416 567 476 iibido
586 418 795 496 seniptnrmum
814 417 970 478 latitudine
984 436 1051 476 eon·

147 510 289 587 gregebis.
330 510 411 569 Dicit
430 530 498 586 ergo
517 511 677 570 Meleehias
696 513 849 588 Propheta,
871 511 943 570 Erae
962 511 1051 569 veniet

148 604 284 662 Dominus
310 607 487 682 ornnr'qaatene,
513 611 541 665 et
566 606 628 683 qais
654 604 800 664 sustinebit
822 606 893 664 diem
920 606 1051 664 adrentus

148 700 213 775 erne,
235 705 285 759 ant
303 702 366 778 qnio
386 700 533 761 nntineiit
552 705 690 778 arpeotnn
711 703 792 778 eries?
837 701 909 770 (daia
930 703 989 776 ipse
1006 702 1051 759 in·

145 795 274 870 ereditur
286 796 360 854 siout
379 797 453 872 ienis
473 797 638 873 eorfiatorii,
652 801 680 855 et
698 798 770 855 sient
782 796 865 856 daria
878 796 1052 863 ierantinn5

147 891 296 950 stridebit
322 893 440 969 carfiano
463 898 489 952 et
510 893 899 969 1onryanoeiontarqentnna
926 896 953 950 et
978 892 1051 950 sient

147 1004 256 1044 πππππ.
299 986 342 1045 Ut
361 990 460 1045 eutem
481 986 645 1045 evidentius
664 1005 825 1061 cognosces,
848 986 914 1063 quis
935 986 1049 1045 sitisse

148 1081 291 1140 Dominus
312 1082 347 1141 de
368 1102 425 1159 quo
446 1083 509 1141 haeo
533 1082 679 1155 dicuntum,
705 1081 773 1141 audi
800 1081 923 1158 quidet
946 1081 1052 1139 Daniel

148 1178 293 1255 Propheta
307 1178 507 1254 praenuneiet:
538 1177 674 1252 Videbam,
696 1177 802 1254 inquit,
819 1179 850 1236 in
870 1178 932 1236 aisn
951 1179 1049 1251 noetio,

148 1278 175 1332 et
188 1294 243 1333 eoae
261 1294 323 1334 ann
342 1274 457 1333 nnbibns
477 1275 537 1334 onii
556 1275 638 1352 qnasi
649 1275 733 1350 fliius
754 1273 872 1333 dominio
892 1274 1009 1346 noniano,
1025 1278 1052 1331 et

147 1389 230 1447 nsque
244 1371 281 1428 ad
299 1370 442 1430 i‘etnstnrn
462 1371 569 1429 dieram
583 1371 721 1446 peruenit,
737 1373 764 1428 et
784 1370 815 1428 in
835 1374 976 1444 conopon
995 1371 1052 1447 ayne

146 1465 252 1524 otiatus
275 1471 336 1533 eat,-
365 1471 391 1524 ot
411 1467 470 1540 inei
488 1467 569 1524 datns
590 1471 632 1524 oet
646 1465 838 1541 principatus,
859 1472 886 1524 et
905 1465 999 1538 donor,
1024 1469 1051 1524 et

147 1580 261 1637 raannrn
269 1585 281 1629 ,·
300 1567 326 1620 ot
339 1582 430 1621 ornnes
442 1562 554 1638 pannii,
572 1562 670 1634 niden,
686 1565 714 1618 et
727 1561 828 1637 linono
841 1561 900 1634 sirei
914 1561 1052 1628 servient,·

147 1665 174 1719 et
189 1666 313 1737 potestas
336 1663 393 1738 ajin
410 1666 535 1737 potestas
556 1666 658 1721 aterna
680 1680 741 1738 qun
761 1680 815 1718 non
832 1661 1001 1735 praeteribit,
1026 1665 1053 1719 et

148 1777 264 1833 raannrn
277 1760 335 1835 eine
354 1778 408 1817 non
429 1762 627 1833 corrmpatur.
668 1757 716 1815 Ex
736 1755 783 1814 his
802 1776 870 1832 ergo
890 1757 1050 1831 edocemur,

149 1872 208 1911 non
222 1853 315 1912 solum
328 1854 363 1911 de
383 1853 511 1912 adventu
525 1856 555 1912 et
570 1853 691 1930 judicio,
708 1852 758 1912 sed
771 1854 807 1912 de
824 1856 965 1930 potestate
977 1853 1052 1930 Ejus

148 1950 179 2006 et
191 1968 289 2023 regno,
306 1948 374 2025 quie
392 1951 519 2025 potestas
532 1949 606 2027 Ejus
624 1953 732 2008 enema
745 1948 793 2022 sis,
809 1953 840 2008 et
859 1948 920 2006 eine
934 1967 1051 2025 conrup-

148 2042 238 2103 tionis
250 2045 308 2103 fine
323 2044 361 2103 sit
374 2064 504 2119 regnum,
521 2045 597 2105 siout
610 2048 639 2104 et
651 2043 684 2103 in
698 2043 962 2121 symbolo-dieitur,
981 2047 1000 2076 “
1012 2044 1053 2103 ut

148 2139 232 2214 regni
246 2140 310 2216 ejus
323 2160 381 2199 non
392 2140 448 2199 enit
461 2140 558 2200 finis.”
579 2141 664 2199 Unde
674 2139 760 2199 valde
774 2139 884 2198 alienus
898 2139 981 2198 efide
995 2143 1049 2212 est,

146 2236 199 2312 qui
218 2256 339 2312 regnum
361 2237 469 2295 Christi
490 2237 562 2296 dieit
583 2235 737 2313 aliquando
761 2235 928 2294 finiendum.
971 2235 1052 2294 Scire

146 2335 244 2391 tamen
258 2333 402 2407 debemus,
419 2333 497 2410 quod
511 2333 666 2392 salutarem
678 2333 757 2390 huno
771 2330 879 2389 Christi
892 2331 1049 2390 adventum

147 2430 269 2486 conetur
281 2427 416 2487 inimious
437 2430 473 2486 ed
487 2428 670 2505 decipiendos
683 2427 784 2485 fideles
797 2446 925 2503 quosque
945 2426 1052 2485 collide

145 2523 249 2581 fraude
270 2524 414 2598 simulare,
437 2527 467 2583 et
484 2544 537 2600 pro
556 2512 632 2583 Filio
651 2522 860 2598 hominis,¹qui
883 2524 1054 2597 expectetur

146 2623 289 2677 venturus
309 2619 341 2677 in
360 2619 511 2696 majestate
528 2618 624 2677 Petris
645 2617 698 2691 sui,
714 2615 810 2675 filium
829 2615 1000 2692 perditionis
1019 2616 1053 2677 in

145 2713 284 2789 prodigiis
298 2718 328 2773 et
341 2715 430 2790 signis
443 2715 629 2773 mendacibus
640 2732 811 2790 preparare,
824 2716 860 2772 nt
872 2733 924 2789 pro
936 2713 1051 2773 Christo

145 2810 253 2868 mundo
266 2811 336 2870 huie
356 2812 521 2870 introducat
534 2811 756 2869 Antichristum.
798 2808 843 2867 De
862 2829 919 2885 quo
939 2813 970 2868 et
989 2809 1052 2887 ipse

145 2905 288 2964 Dominus
307 2906 338 2964 in
353 2907 520 2981 Evangeliis
540 2906 679 2982 praedixit
693 2905 811 2976 Judaeis,
830 2905 906 2980 Quia
923 2924 968 2981 aaa
988 2908 1054 2965 oeni

146 3001 178 3058 in
198 3002 307 3060 nomine
321 3003 500 3076 patriensi,
524 3007 551 3060 et
570 3023 624 3060 non
640 3001 783 3076 recepistis
803 3021 853 3073 rae,
869 3000 945 3060 alins
961 3003 1054 3062 reniet

145 3098 177 3154 in
203 3097 312 3156 nomine
335 3117 392 3170 sno,
419 3102 446 3155 et
473 3097 565 3173 nanno
586 3096 735 3171 reeinietia.
777 3096 817 3154 Et
840 3095 947 3153 iterum
969 3095 1052 3168 dieii,
1139 3164 1142 3165 ⁷

151 3193 219 3252 Onrn
233 3194 359 3253 ridebitis
380 3194 605 3252 abominationem
619 3191 793 3250 desolationis
811 3196 929 3250 stantona
949 3191 981 3249 in
995 3191 1052 3250 iooo

144 3295 247 3362 saneto,
262 3290 334 3347 aiant
351 3290 422 3348 dieii
434 3289 541 3348 Daniel
551 3288 710 3364 Propheta:
738 3288 795 3353 Qni
812 3287 879 3363 lenit
899 3286 1049 3363 intaiiiqat.

124 3381 243 3443 Daniel
263 3403 334 3461 ergo
355 3385 392 3446 de
413 3384 542 3446 adventu
556 3381 659 3444 erroris
678 3381 763 3440 istius
782 3380 897 3459 plenius
910 3386 940 3441 et
959 3381 1051 3442 letius
