2356 3780
172 251 212 308 84
267 268 290 307 S.
304 267 371 308 ΔΗΒ.
386 266 542 307 sconsum
553 267 592 308 DE
605 266 673 308 mu
686 266 721 306 ΕΤ
734 265 862 306 amoto
875 265 973 306 LIBER.

173 434 337 494 memoriter
357 434 583 511 competentibus
601 434 735 493 traditur.
777 434 816 491 In
835 435 889 492 hoc
908 433 990 506 libro,
1007 453 1072 491 cum

174 531 209 589 de
227 529 433 589 resurrectione
451 529 542 588 camis
558 533 700 604 ageretur,
722 529 923 603 “Resurget''
942 528 1070 605 inquam,

176 630 195 660 ‘⁴
205 646 307 702 corpus
325 625 481 687 secundum
499 625 683 684 christianam
700 624 795 698 fidem,
812 643 877 702 quae
896 625 997 682 fallere
1014 644 1073 682 non

173 725 277 798 potest.
318 721 402 786 Quod
420 720 469 778 cui
488 719 604 779 videtur
622 720 799 793 incredibile,
822 719 916 797 qualis
937 709 975 778 sit
995 739 1072 777 nunc

173 835 238 874 caro
260 815 391 888 attendit,
411 814 508 892 qualis
530 819 627 874 autem
647 819 717 873 tunc
737 815 837 873 futura
860 814 905 887 sit,
927 835 986 872 non
1007 835 1073 873 con-

174 911 296 970 siderat:
318 911 389 988 quia
407 911 459 969 illo
478 914 607 986 tempore
626 910 834 970 immutationis
854 910 999 984 angelicae,
1014 930 1074 981 non

169 1006 232 1082 jam
246 1026 310 1065 caro
325 1007 380 1065 erit
393 1010 423 1065 et
441 1006 565 1080 sanguis,
583 1006 632 1064 sed
644 1010 759 1065 tautum
781 1007 912 1082 corpus,’'
927 1010 958 1065 et
971 1009 1074 1064 caetera

173 1120 238 1178 quae
259 1101 301 1160 ibi
322 1101 358 1159 de
379 1120 529 1177 corporum
549 1100 730 1159 terrestrium
753 1099 785 1157 in
809 1119 925 1176 corpora
946 1099 1074 1158 coelestia

172 1196 334 1256 mutatione
354 1195 483 1267 disserui,
500 1195 636 1272 quoniam
656 1195 733 1255 dixit
745 1195 901 1271 Apostolus
921 1215 987 1254 cum
1006 1194 1073 1252 inde

173 1291 348 1368 loqueretur,
380 1292 450 1350 Coro
471 1296 499 1349 ct
524 1292 636 1367 coapata
660 1278 773 1367 regnam
796 1294 854 1350 Da‘
877 1313 931 1351 noa
951 1292 1074 1366 proscide-

170 1385 249 1445 luat.
298 1386 354 1444 Sed
380 1385 511 1462 quisquis
538 1405 571 1443 ea
598 1385 638 1443 sic
664 1385 776 1462 accipit,
799 1390 834 1445 ut
860 1386 1007 1446 existimet
1031 1385 1074 1444 ita

173 1500 276 1557 corpus
295 1486 451 1553 terrenum,
474 1482 559 1556 quale
579 1499 656 1538 nunc
675 1481 821 1554 habemus,
844 1481 876 1539 in
896 1501 997 1557 co1pus
1017 1499 1073 1540 coe·

171 1575 244 1647 leste
267 1576 473 1636 resurrectione
499 1576 616 1647 mutau',
639 1579 674 1634 ut
699 1595 752 1634 nec
778 1578 905 1634 membra
931 1576 994 1649 ista,
1020 1596 1073 1634 nec

173 1671 265 1730 carnis
285 1671 325 1731 sit
344 1672 445 1730 scitura
466 1671 636 1743 substantia,
659 1672 761 1746 procul
782 1672 869 1729 dubio
891 1672 1075 1746 corrigendus

173 1769 225 1837 cst,
252 1767 440 1826 commonitus
467 1768 503 1825 de
530 1786 645 1843 corpore
669 1766 795 1839 Domini,
820 1767 871 1843 qui
893 1772 960 1842 post
979 1787 1074 1825 resur-

171 1860 327 1932 rectionem
346 1861 378 1918 in
396 1861 502 1920 eisdem
521 1861 656 1923 membris
669 1880 728 1919 non
747 1862 839 1920 solum
859 1862 1073 1939 conspiciendus

171 1956 270 2029 oculis,
286 1976 388 2015 verum
408 1957 495 2016 etiam
514 1957 646 2025 manibus
666 1958 833 2016 tractandus
853 1958 995 2034 apparuit,
1012 1978 1072 2016 car-

171 2071 295 2129 nemque
309 2073 338 2112 se
352 2054 456 2111 habere
476 2053 563 2112 etiam
583 2072 711 2111 sermone
731 2053 866 2127 firmavit,
880 2054 985 2126 dicens,
1004 2054 1072 2114 Pol-
1103 2053 1106 2059 ’

166 2152 244 2223 pote,
264 2153 291 2206 ct
312 2149 407 2222 videte,
427 2149 493 2226 quio
512 2150 632 2223 spirituc
652 2168 759 2209 caraem
779 2155 806 2208 ct
826 2169 885 2207 occa
907 2168 961 2207 coa
982 2150 1070 2222 habet,

171 2243 244 2302 accat
263 2263 304 2302 mc
322 2245 422 2304 collatio
442 2245 545 2303 holera
587 2244 672 2305 Unde
691 2247 809 2316 constat,
825 2244 998 2320 Apostolum
1015 2264 1073 2304 non

172 2339 265 2397 carnis
285 2340 476 2400 substantiam
494 2359 612 2415 negasse
632 2339 664 2398 in
683 2359 770 2414 regno
790 2339 846 2397 Dei
866 2340 1002 2412 futuram,
1024 2341 1074 2399 sed

171 2441 223 2493 aut
243 2436 372 2494 homines
399 2436 451 2513 qui
477 2436 634 2494 secundum
662 2455 776 2498 carnem
796 2436 902 2497 vivunt
925 2436 1017 2497 caruis
1044 2442 1074 2496 et

172 2529 320 2604 sanguinis
332 2532 447 2590 nomine
466 2550 655 2608 nuncupasse,
672 2535 723 2590 aut
742 2531 834 2607 ipsam
848 2530 939 2589 carnis
958 2550 1073 2607 corrup·

170 2624 288 2698 tionem,
306 2645 371 2702 quae
391 2633 462 2685 tuno
477 2625 578 2703 utique
598 2626 682 2684 nulla
702 2626 765 2684 erit.
808 2626 884 2684 Nam
904 2646 970 2684 cum
984 2627 1074 2685 dixis-

172 2727 224 2794 set,
247 2723 317 2780 ooo
338 2727 365 2781 ot
385 2724 497 2800 coagula
515 2740 629 2798 regnum
649 2723 707 2782 Dei
725 2741 778 2780 aaa
792 2721 979 2796 pocaldebuat,
1002 2724 1075 2782 bene

171 2816 348 2897 intelligitur
367 2822 505 2896 tanquam
529 2820 697 2894 exponendo
721 2818 792 2895 quid
811 2817 919 2880 dixerit
939 2819 1074 2880 continuo

173 2914 341 2994 subdidisse,
367 2915 463 2991 Neque
489 2917 631 2989 corruptio
658 2915 891 2989 incorruptionem
912 2916 1073 2989 procidebat.

172 3006 217 3090 De
237 3028 295 3084 qua
314 3028 345 3071 re
366 3009 402 3066 ad
426 3009 656 3084 persuadendum
679 3008 844 3071 infidelibus
864 3007 984 3081 difficili,
1007 3009 1073 3067 dili·

173 3108 274 3178 genter
293 3107 435 3181 quantum
454 3103 537 3180 potui
556 3124 602 3166 me
616 3103 781 3166 dissenusse
801 3103 925 3180 reperiet
944 3104 1075 3181 quisquis

173 3197 209 3256 de
229 3197 354 3258 Ciuitate
370 3199 427 3256 Dei
442 3198 550 3257 librum
567 3199 672 3273 legerit
688 3198 885 3260 novissimum.
926 3199 986 3259 Hic
1001 3200 1076 3259 liber

174 3291 214 3352 sic
227 3293 339 3371 incipit,
359 3299 378 3328 ‘⁴
391 3293 533 3361 Quoniam
546 3295 685 3372 scriptum
698 3293 771 3354 est.’'
