2356 3780
157 223 196 283 76
466 240 489 280 s.
506 238 574 280 aua.
594 238 750 280 rocosum

154 439 209 478 orac
226 419 340 496 aqualis
355 420 423 491 Deo,
444 421 474 476 et
489 421 593 476 caetera
611 417 702 476 talia:
724 415 846 474 sedilia
864 415 958 491 posita
978 419 1055 489 sunt,

155 513 262 590 partim
281 517 398 590 propter
413 512 685 572 administrationem
707 510 832 587 suscepti
850 510 983 584 hominis,
998 531 1060 588 qua

156 608 271 682 dicitur,
297 609 481 685 semetipsam
507 609 668 681 exinanivit,
696 608 766 684 (non
780 606 849 684 quia
875 611 987 666 mutata
1013 611 1059 667 est

156 703 209 762 illa
222 704 377 780 Sapientia,
394 703 512 763 sumsit
527 702 641 761 omnino
659 702 908 773 incommutabilis,
925 703 974 760 sed
988 702 1058 778 quia

155 803 217 859 tam
242 800 394 859 humiliter
418 798 583 858 hominibus
608 798 785 857 innotescere
808 796 926 874 voluit)
950 798 1058 874 partim

155 914 225 970 ergo
250 900 367 972 propter
391 895 467 953 hanc
498 893 775 952 administrationem
801 893 853 951 illa
882 893 926 951 ita
952 894 1058 970 scripta

155 995 233 1064 sunt,
249 991 284 1048 de
303 990 408 1067 quibus
427 989 557 1049 haeretici
576 989 796 1061 calumniantur,
816 989 923 1064 partim
940 993 1059 1064 propter

155 1086 218 1158 hoc,
235 1086 303 1163 quia
316 1086 409 1144 Filius
427 1084 508 1144 Patri
521 1085 606 1143 debet
622 1084 699 1161 quod
714 1088 766 1157 est,
781 1085 835 1141 hoc
851 1083 938 1143 etiam
952 1084 1058 1142 debens

156 1182 258 1259 utique
281 1182 363 1241 Patri
383 1164 577 1258 quod'eidem
598 1179 680 1239 Patri
702 1180 822 1256 aqualis
845 1184 897 1239 aut
918 1199 971 1257 par
994 1182 1057 1253 est3

155 1277 243 1336 Pater
255 1282 353 1337 autem
366 1276 443 1334 nulli
456 1277 542 1335 debet
555 1275 698 1352 quidquid
712 1280 763 1335 est

197 1379 243 1433 19.
265 1375 310 1432 De
333 1372 445 1449 Spiritu
467 1373 572 1431 Sancto
594 1377 691 1431 autem
713 1372 841 1430 nondum
863 1374 924 1429 tam
947 1370 1058 1446 copiose

154 1489 189 1529 ac
210 1471 366 1545 diligenter
386 1468 567 1545 disputatum
588 1472 633 1527 est
653 1488 670 1526 a
694 1467 785 1527 doctis
802 1472 833 1526 et
853 1467 966 1541 magnis
982 1467 1058 1525 divi·

154 1586 258 1625 narum
285 1565 499 1641 scripturarum
523 1564 735 1636 tractatoribus,
760 1567 796 1622 ut
821 1563 947 1638 intelligi
972 1563 1057 1621 facile

155 1662 248 1738 possit
260 1664 290 1720 et
310 1661 374 1738 ejus
392 1659 549 1736 proprium,
565 1679 623 1736 quo
642 1659 756 1736 proprio
769 1660 805 1718 fit
817 1663 853 1718 ut
869 1659 946 1717 Eum
964 1678 1058 1735 neque

155 1756 266 1815 Filium
293 1775 387 1832 neque
414 1755 530 1813 Patoem
561 1754 655 1812 dicere
685 1754 834 1830 possimus,
864 1755 913 1813 sed
943 1758 1058 1813 tantum

156 1850 298 1928 Spiritum
325 1851 482 1924 Sanctnm3
509 1849 566 1908 nisi
588 1850 666 1927 quod
688 1851 765 1908 Eum
788 1851 895 1908 donum
915 1849 972 1907 Dei
998 1869 1058 1908 asse

156 1946 323 2023 praedicant,
339 1949 375 2004 ut
388 1946 484 2003 Deum
503 1945 652 2003 credamus
671 1965 730 2003 non
742 1964 772 2002 se
792 1944 854 2020 ipso
873 1943 995 2002 inferius
1008 1944 1057 2002 do·

155 2060 227 2100 num
250 2041 327 2098 dare.
370 2039 495 2098 Servant
512 2043 609 2098 tamen
629 2042 664 2097 ut
685 2058 744 2096 non
764 2039 895 2113 genitum
916 2039 1058 2118 Spiritum

155 2136 304 2209 Sanctum,
319 2140 459 2212 tanquam
478 2133 588 2192 Filium
607 2134 643 2192 do
663 2134 758 2207 Patre,
773 2134 939 2210 praedicent,
955 2135 1058 2193 unicus

154 2231 234 2290 anim
253 2235 298 2290 est
318 2231 467 2303 Christus3
487 2249 582 2306 neque
602 2230 637 2287 da
657 2229 742 2302 Filio,
764 2233 904 2306 tanquam
924 2234 1058 2304 nepotem
1138 2249 1140 2253 ·

155 2327 262 2386 summi
285 2327 398 2400 Patris3
421 2346 474 2385 nec
497 2330 594 2385 tamen
616 2325 647 2383 id
670 2326 748 2401 quod
770 2329 822 2398 est,
845 2325 922 2383 nulli
945 2325 1058 2397 debere,

156 2424 206 2481 sed
227 2423 317 2496 Patri,
340 2442 378 2482 ox
401 2441 459 2499 qno
480 2421 584 2494 omnia,
609 2440 646 2479 ne
670 2421 727 2479 duo
750 2420 957 2479 constituamus
978 2419 1058 2496 prin-

154 2518 232 2594 cipia
246 2518 306 2576 sine
320 2516 470 2593 principio,
486 2517 563 2593 quod
583 2515 770 2574 falsissimum
783 2520 828 2574 est
840 2520 871 2575 ct
890 2515 1059 2573 absurdissi-

156 2634 245 2687 mum,
268 2617 299 2673 et
320 2633 378 2671 non
401 2612 549 2672 catholicae
565 2611 642 2685 fidei,
666 2612 715 2669 sed
733 2614 923 2689 quorumdam
943 2611 1058 2671 haereti-

156 2729 254 2768 corum
274 2707 362 2767 errori
381 2707 537 2784 proprium
579 2707 653 2764 Ausi
673 2712 742 2768 sunt
760 2713 858 2768 tamen
878 2707 994 2784 quidam
1015 2707 1058 2784 ip·

155 2825 217 2864 sam
238 2804 464 2864 communionem
478 2803 573 2863 Patris
593 2807 623 2862 at
636 2802 715 2876 Filii,
732 2807 829 2879 atquc,
844 2807 880 2862 ut
898 2803 941 2863 ita
954 2803 1057 2877 dicam,

156 2902 312 2975 Deitatem,
341 2919 429 2977 quam
461 2899 555 2957 Graeci
586 2905 701 2972 θεότητα
720 2886 888 2974 appellant,
918 2898 1060 2975 Spiritum

156 2997 298 3056 Sanctum
319 2994 443 3066 credere,
468 2997 511 3066 ut,
538 2993 674 3070 quoniam
697 2994 785 3052 Pater
806 2994 887 3053 Deus
913 2998 944 3053 et
965 2993 1060 3052 Filius

156 3092 245 3166 Deus,
261 3091 324 3168 ipsa
337 3089 445 3162 Deitas,
462 3109 520 3165 qua
534 3089 589 3148 sibi
605 3090 786 3165 copulantur,
802 3094 833 3149 et
846 3090 904 3148 1110
916 3090 1061 3166 gignendo

155 3187 252 3247 filium
275 3189 306 3244 et
325 3185 383 3243 Ille
402 3183 484 3242 Patri
504 3184 680 3258 cohaerendo,
703 3184 740 3241 Ei
764 3203 781 3242 a
801 3203 858 3260 quo
878 3189 922 3244 est
945 3184 1061 3259 genitus

156 3279 422 3358 aequatum-hanc
445 3296 513 3353 ergo
534 3279 690 3354 Deitatem,
710 3299 797 3356 quam
820 3279 907 3339 etiam
931 3279 1059 3338 dilectio-

154 3397 224 3437 nem
241 3376 273 3436 in
288 3395 319 3435 sc
338 3373 464 3435 invicem
483 3375 632 3435 amborum
652 3377 879 3455 charitatemque
891 3377 995 3437 volunt
1013 3375 1058 3434 in·
