2356 3780
381 247 421 287 nr
439 245 508 286 mur
528 247 563 286 ur
582 245 713 288 srunoro
732 248 830 290 rreum
1017 231 1056 293 77

153 409 257 484 telligi,
275 410 416 486 Spiritum
438 412 576 472 Sanctum
596 413 772 489 appellatum
786 413 896 474 dieunt.
938 415 1056 476 Multis·

154 524 211 581 que
227 506 438 582 Scripturarum
453 508 632 566 documentis
645 509 750 567 adsunt
763 508 831 566 huic
845 509 972 585 opinioni
986 530 1055 584 suae,

154 600 214 658 sire
234 601 286 659 illo
306 602 382 678 quod
395 602 572 675 dictumest,
594 603 727 670 Quorum
747 603 869 663 claritas
882 606 939 663 Da·
957 606 1058 682 diffusa

152 702 192 755 aet
212 699 243 755 r'rr
264 699 390 756 cordibus
409 700 511 757 nostris
526 718 581 773 per
596 700 738 773 Spiritum
755 701 888 760 Sanctum
906 702 957 778 qui
975 704 1057 762 dutus

151 796 192 849 ast
205 794 289 864 uobis,
307 793 366 851 sive
380 793 444 850 eliis
457 792 558 851 multis
570 793 679 852 talibus
696 793 885 867 testimoniis,¹
893 799 923 853 et
936 815 968 853 eo
981 795 1052 872 ipso,

152 888 229 962 quod
252 906 304 962 per
325 887 466 963 Spiritum
487 887 625 947 Sanctum
645 887 861 945 reconciliamur
884 889 954 963 Deo,
976 892 1055 950 unde

151 980 239 1039 etiam
262 1001 329 1040 curn
352 983 459 1042 donum
480 983 535 1041 Dei
555 983 669 1055 dicitur,
687 983 756 1041 satis
776 982 930 1058 significari
949 986 1053 1046 volunt

152 1077 321 1135 charitatem
348 1078 405 1137 Dei
431 1098 491 1136 esse
519 1078 659 1154 Spiritum
688 1077 835 1136 Sanctum.
881 1080 948 1138 Non
975 1081 1051 1139 enim

149 1172 369 1231 reconciliamur
387 1174 433 1231 illi
452 1173 510 1231 uisi
528 1193 581 1249 per
600 1173 792 1245 dilectionem,
813 1193 871 1249 que
890 1176 977 1233 etiam
997 1171 1053 1234 filii

150 1266 338 1341 appellemur,
361 1287 419 1325 uon
439 1269 499 1345 jam
521 1270 574 1327 sub
594 1269 697 1327 timore
716 1272 856 1344 tunquam
877 1270 960 1342 servi,
983 1271 1052 1347 quia

149 1363 347 1420 consummate
365 1364 481 1422 dilectio
500 1364 578 1422 foras
595 1363 688 1422 mittit
700 1363 842 1437 timorem,
860 1369 889 1422 et
911 1365 1052 1440 Spiritum

148 1456 291 1515 libertatis
317 1458 486 1534 accepimus,
517 1461 547 1516 r'rr
574 1480 625 1536 quo
653 1459 809 1525 clamamus,
833 1460 924 1527 Arba,
951 1463 1048 1520 Pater.

148 1550 188 1608 Et
201 1551 270 1626 quie
288 1552 465 1612 reconciliati
478 1557 509 1612 et
527 1554 559 1612 in
572 1554 729 1612 amicitiam
742 1554 869 1613 revocati
889 1573 941 1630 per
955 1556 1047 1614 chari·

146 1648 237 1704 tatem
259 1648 417 1723 poterimus
439 1649 535 1707 omnia
555 1649 610 1708 Dei
635 1653 743 1707 secreta
766 1668 940 1723 cognoscere,
963 1670 1048 1728 prop·

145 1744 224 1799 terea
250 1742 285 1799 de
313 1743 424 1818 Spiritu
451 1743 556 1803 Sancto
583 1744 697 1817 dicitur,
722 1745 787 1818 Ιρεα
812 1765 857 1803 coa
883 1746 992 1805 iuducet
1017 1749 1048 1807 ἐκ

145 1854 247 1895 omnem
260 1839 410 1897 acritatem.
453 1840 608 1915 Propterea
627 1843 657 1898 et
675 1839 846 1899 confidentia
858 1841 1047 1917 praedicandae

143 1932 284 2006 veritatis,
308 1954 367 2010 qua
389 1933 504 2010 impleti
527 1934 649 1994 suntin
670 1935 797 1994 adventu
820 1935 884 2013 ejus
903 1935 1044 2012 Apostoli,

142 2032 220 2087 recte
240 2030 375 2090 charitati
394 2030 542 2104 tribuitur,
564 2031 633 2107 quia
653 2035 683 2090 et
702 2031 861 2089 diffidentia
879 2031 976 2090 timori
996 2033 1047 2091 de·

142 2125 201 2196 tur,
217 2143 304 2199 quem
318 2126 524 2185 consummatio
537 2125 687 2185 charitatis
699 2125 838 2184 excludit.
874 2127 945 2184 Ideo
958 2128 1046 2186 etiem

143 2217 249 2276 donum
273 2219 329 2279 Dei
352 2221 467 2293 dicitur,
492 2220 561 2297 quie
584 2240 617 2278 eo
640 2221 717 2297 quod
740 2220 862 2296 quisque
882 2222 965 2280 novit
986 2241 1045 2280 nou

141 2313 258 2387 furitur,
278 2315 336 2373 nisi
355 2320 385 2374 et
405 2316 436 2374 id
456 2315 567 2390 diligat.
609 2315 681 2372 Frui
700 2319 798 2374 autem
818 2313 959 2391 sapientid
976 2317 1040 2388 Dei,

141 2409 216 2468 nihil
234 2415 278 2470 est
301 2412 382 2470 aliud
404 2432 492 2488 quam
512 2412 550 2469 Ei
571 2410 724 2470 dilectione
744 2412 894 2469 cohaerere.
936 2411 1043 2488 Neque

141 2506 294 2583 quisquam
306 2507 338 2565 in
352 2527 384 2565 eo
398 2508 476 2584 quod
487 2506 611 2583 percipit
623 2510 780 2582 permanet,
797 2505 854 2564 nisi
867 2506 1039 2566 dilectione:

140 2606 171 2661 et
189 2602 253 2660 ideo
274 2603 401 2678 Spiritus
420 2603 542 2662 Sanctus
562 2601 677 2675 dicitur,
700 2602 835 2678 quoniam
854 2603 891 2660 ud
910 2623 1042 2678 permen·

140 2699 246 2757 endum
265 2700 434 2758 sanciuntur
453 2718 643 2776 quecumque
662 2698 837 2771 sanciuntur,
853 2717 907 2756 nec
920 2699 1042 2759 dubium

138 2791 184 2851 est
197 2813 214 2850 e
227 2794 379 2853 sanciendo
392 2795 574 2859 sanctitatem
588 2794 693 2854 vocari.
734 2793 864 2851 Maxime
877 2798 975 2853 autern
988 2794 1041 2854 illo

138 2887 302 2948 testimonio
329 2893 455 2949 utuntur
481 2894 633 2949 assertores
658 2890 747 2966 hujus
774 2890 934 2966 sententie,
962 2893 1041 2968 quod

137 2991 348 3066 scriptumest,
378 2995 456 3062 Quod
480 2999 576 3052 autum
602 2998 643 3052 ast
669 2994 701 3051 de
724 3013 813 3066 carue,
839 3013 902 3051 casto
928 2999 989 3062 cct,·
1013 2999 1041 3053 ot

136 3089 209 3166 quod
227 3093 323 3146 natum
342 3093 383 3147 est
402 3090 434 3147 de
454 3089 577 3163 Spiritu,
596 3089 715 3163 spiritua
736 3093 793 3146 eat.-
814 3090 944 3166 quonium
963 3091 1039 3150 Deua

135 3185 266 3259 Spiritus
285 3188 333 3242 cst.
375 3167 434 3242 Hic
452 3184 530 3242 eninr
548 3183 793 3258 regenerationem
812 3188 938 3243 nostram
956 3186 1035 3260 dicit,

132 3299 200 3356 rquae
218 3299 277 3338 nou
297 3281 453 3339 secundum
467 3280 562 3338 Adam
582 3281 617 3338 de
638 3299 722 3339 carne
742 3283 794 3354 est,
811 3280 861 3338 sed
881 3282 1038 3341 secundum

134 3375 285 3436 Christum
307 3376 343 3437 de
367 3375 479 3453 Spiritu
503 3375 616 3436 Sancto.
658 3376 839 3453 Quapropter
862 3375 887 3435 si
912 3377 1040 3453 Spiritus
1112 3416 1125 3517 p
