2356 3780
373 285 409 327 ns
427 285 582 326 srnsouuu
601 284 811 327 mosrososun.
985 271 1041 328 133

141 449 379 510 resurrectionem
392 451 474 529 Ejus,
491 450 597 511 Scribis
611 458 641 510 et
653 451 807 512 Pherisaeis
820 456 850 512 et
862 452 970 534 populo
982 473 1041 513 non
1130 485 1136 502 ·

141 547 285 617 credente,
296 547 385 607 etiam
397 547 452 606 hoo
463 547 601 624 proedixit
611 547 712 606 Esaias
724 548 770 607 his
782 548 887 620 verbis,
896 549 1040 623 Mulieres,

138 643 318 718 queaeritis
339 662 358 701 a
380 643 539 718 spectaculo,
562 644 673 704 venite.-
696 663 750 703 non
771 645 844 703 enim
864 650 905 703 ost
922 646 1042 720 populas

140 737 240 796 badam
260 739 436 799 intellectum.
479 740 536 799 Sed
549 739 637 799 etiem
649 741 685 799 de
701 740 761 798 illis
780 739 959 815 mulieribus,
974 761 1041 818 quse

138 837 207 910 post
225 834 463 895 resurrectionem
481 835 641 912 perrexisse
661 837 698 895 ad
721 837 885 913 sepulcrum
904 836 1042 897 dicuntur

140 933 172 991 et
197 932 334 1007 quaesisse
360 931 447 1001 Eum,
471 936 501 991 et
526 950 585 990 non
610 931 762 1006 invenisse,
788 932 864 991 sieut
889 931 925 994 de
948 933 1042 992 Masis

142 1026 324 1102 Magdalena,
340 1046 405 1103 quae
419 1027 544 1086 refertur
556 1028 668 1087 venisse
688 1028 725 1086 cd
743 1037 962 1100 monumentum
975 1033 1042 1089 ante

141 1121 246 1196 lucem,
261 1129 300 1194 et,
315 1141 375 1181 non
392 1123 512 1182 invento
526 1143 568 1197 eo,
584 1124 656 1183 flens
676 1123 784 1182 dixisse
804 1124 840 1182 ad
860 1123 976 1199 angelos
990 1125 1042 1201 qui

142 1217 270 1292 aderant,
298 1218 373 1284 Quia
397 1219 520 1278 tulerunt
542 1220 704 1292 Dominam,
728 1224 755 1278 et
778 1221 865 1278 aceio
888 1221 938 1279 abi
956 1241 1043 1296 posu-

140 1320 224 1375 ecoe
243 1315 467 1389 Eum-etiam
486 1316 522 1374 ds
542 1316 596 1375 hoc
615 1316 658 1375 ita
677 1316 845 1394 praedicitur
863 1317 896 1376 in
916 1317 1043 1378 Canticis

141 1410 334 1486 canticorum,
354 1413 393 1471 In
412 1412 575 1472 stabilimen
595 1414 710 1491 quartat
728 1433 807 1492 qoem
827 1414 928 1473 dilexit
947 1416 1041 1476 anima

139 1526 219 1574 msa:
243 1508 274 1566 ab
293 1508 416 1567 coetibus
435 1509 680 1585 questionae
700 1530 754 1568 ooo
774 1511 876 1569 inveni.
917 1510 962 1568 De
981 1510 1042 1570 illis

140 1622 256 1681 quoque
276 1603 328 1681 qui
346 1604 522 1665 invenerunt
534 1606 619 1679 Eum,
635 1610 665 1665 et
682 1609 841 1666 tenuerunt
859 1607 946 1683 pedes
959 1608 1042 1685 Ejus,

140 1700 309 1776 predicitur
328 1701 360 1759 in
380 1700 507 1760 Canticis
525 1701 719 1775 Cantioorum,
738 1701 839 1760 lbcado
850 1718 926 1776 erm,
942 1709 968 1762 et
987 1724 1042 1765 coos

139 1797 281 1856 dimittam
304 1818 363 1857 eam
385 1803 467 1874 quem
483 1798 583 1856 dilexit
604 1799 698 1858 enimc
718 1818 785 1858 mea.
827 1799 901 1858 Haec
923 1799 1042 1861 interim

138 1911 230 1969 pauca
250 1894 285 1952 de
309 1895 429 1967 multis;
459 1893 597 1953 brevitati
618 1894 696 1955 enim
717 1895 865 1956 studentes
888 1896 974 1973 plura
994 1917 1041 1957 co·

139 2007 272 2048 acervare
284 2009 343 2049 non
355 2009 516 2066 possumus.

147 2115 149 2117 >
179 2089 226 2143 ³1.
248 2085 395 2144 Ascurum
421 2104 459 2143 io
488 2086 594 2160 Gonnos,
620 2105 707 2146 asnar
733 2106 771 2145 in
798 2106 955 2146 nnxrrrsrr
982 2089 1039 2148 Pr·

139 2197 222 2238 rms:
258 2197 332 2238 ntus
357 2199 507 2239 rnrruaus
537 2200 599 2240 nsr.
613 2201 753 2244 surrectus
777 2182 869 2241 Vrvos
895 2201 930 2240 nr
956 2185 1040 2242 Mon-

138 2295 215 2334 ruos.
234 2317 236 2320 -
257 2274 451 2352 consequenti
468 2276 609 2336 brevitate
627 2277 659 2334 in
671 2277 730 2335 fine
748 2278 885 2336 sermonis
897 2278 960 2336 haec
974 2297 1039 2338 con·

137 2372 289 2445 tinentur;
318 2371 351 2430 in
370 2372 476 2448 quibus
499 2372 577 2448 quod
597 2372 705 2432 dicitur
724 2371 842 2448 quidem
864 2373 961 2450 palam
984 2380 1037 2449 est,

138 2470 188 2528 sed
207 2467 367 2544 requiritur
380 2486 438 2544 quo
458 2487 543 2526 sensu
562 2467 690 2543 intelligi
709 2467 832 2548 debeant
852 2486 918 2545 quae
938 2468 1039 2527 dicun-

136 2568 195 2624 tur.
236 2564 314 2622 Nam
333 2562 492 2621 escendisse
512 2567 542 2622 et
561 2563 660 2621 sedere
680 2567 710 2622 et
722 2566 879 2622 venturum
898 2567 968 2637 esse,
983 2565 1040 2624 nisi

137 2660 294 2720 secundum
313 2659 486 2735 dignitatem
504 2658 675 2719 Divinitatis
690 2658 845 2734 intelligas,
861 2660 973 2736 aliquid
988 2681 1040 2738 per

136 2758 199 2816 haea
218 2757 353 2814 humanae
373 2755 542 2831 fragilitatis
561 2755 708 2815 videbitur
727 2755 857 2815 indicari.
900 2756 1039 2816 Consum·

137 2852 223 2911 matis
236 2851 343 2910 etenim
356 2851 402 2909 his
416 2870 482 2928 quae
501 2852 534 2911 in
546 2858 623 2911 terra
643 2851 824 2926 gerebantur,
840 2855 870 2911 et
889 2851 1039 2912 animabus

137 2948 173 3007 de
196 2946 303 3005 inferni
326 2947 494 3023 captivitate
517 2946 667 3020 revocatis,
690 2948 844 3014 ascendere¹
864 2952 1039 3008 memoratur

136 3045 174 3104 ad
194 3042 289 3115 coelos,
308 3043 384 3101 sicut
403 3043 548 3120 Propheta
566 3044 750 3120 predixerat,
766 3044 923 3104 Asoeodecs
944 3047 975 3104 ab
995 3046 1038 3104 ol·

137 3145 205 3214 tam,
221 3141 359 3213 captiosos
375 3139 458 3196 ducit
477 3140 676 3215 captiuitatem,
689 3141 765 3199 dedit
785 3142 855 3201 deoc
874 3143 1036 3217 bominibus,

134 3235 188 3295 illa
207 3233 318 3293 scilicet
336 3233 419 3305 dona,
438 3250 503 3310 quoe
516 3234 621 3292 Petrus
639 3234 672 3292 in
685 3235 768 3295 Actis
780 3237 987 3313 Apostolorum
1000 3240 1037 3298 de

136 3332 241 3392 Sancto
255 3329 367 3407 Spiritu
380 3329 502 3403 dicebat,
515 3329 670 3388 Ecaltotac
686 3332 776 3408 a'pitwr
789 3333 901 3394 dealem
912 3334 980 3408 Dei,
996 3335 1036 3409 ef-

128 3428 213 3506 fudit
225 3429 273 3488 loe
285 3427 384 3488 boam
399 3427 471 3506 quod
482 3446 527 3487 ooo
540 3427 639 3488 vidctis
652 3433 679 3489 at
692 3429 808 3488 auditis.
843 3429 967 3490 Donum
974 3449 1051 3500 crgo
