2356 3780
144 220 199 274 184
459 234 481 272 s.
498 232 610 288 nnonrs,
629 232 720 286 esen,

137 427 209 467 cana
221 413 311 467 oestro
324 409 523 467 concreatione
530 413 657 482 paterna
671 407 843 480 traditionis,
858 408 905 465 sed
916 407 1041 481 pretioso

137 505 279 580 sonpaine,
298 505 381 581 qnasi
403 504 471 580 cani
493 503 708 563 incontaminati
724 508 751 561 et
769 502 948 576 immaenteti,
967 503 1041 562 Jnsu

138 600 270 658 Onnrsrr.
323 600 407 659 Beati
433 619 549 676 qnoque
575 598 695 658 Joannis
718 598 850 676 Apostoli
875 597 1040 658 testimonio
1057 576 1075 694 Ι
1091 568 1168 745 55,

136 714 195 752 non
212 694 337 769 resistat,
353 695 484 767 dicentis,
501 696 544 754 Et
562 696 674 771 eneruis
687 694 764 768 Jesn,
779 693 856 753 Filii
866 693 932 767 Dei,
947 713 1040 752 omnn-

137 793 187 850 dat
199 811 248 850 nos
267 792 301 851 at
318 793 394 851 omni
406 796 528 866 peecata.
570 792 610 852 Et
627 791 742 864 iterum,
764 791 834 850 Hos
853 795 893 848 est
912 789 1038 862 cintoria,

137 907 197 964 qna
221 889 309 946 oinoit
335 889 474 961 mandam,
495 889 569 964 sides
595 892 699 948 nostra.
748 887 796 961 Et,
830 887 899 956 eoos
925 890 965 944 est
991 886 1043 963 qni

136 984 224 1042 oincit
241 985 381 1056 mentam,
395 985 455 1042 nisi
471 986 523 1063 qni
540 984 636 1056 credit,
653 985 782 1061 qacnimn
798 984 884 1042 Jrsos
903 988 943 1042 est
956 983 1042 1060 filins
1157 1037 1163 1043 .

137 1081 220 1139 Dei?
252 1081 312 1140 Hie
330 1087 371 1140 est
384 1082 435 1159 qni
451 1083 525 1141 oenit
539 1100 708 1158 perannum
726 1085 753 1139 et
770 1081 940 1157 sanquinem,
953 1079 1042 1138 Jnans
1057 1102 1068 1224 p
1084 1054 1168 1201 αἱ

137 1175 300 1235 Umerus:
322 1196 377 1235 non
396 1177 428 1235 in
441 1197 514 1254 aqna
533 1176 740 1250 salamantin
760 1195 833 1254 aqna
849 1180 876 1234 st
895 1174 1038 1251 conamine.
1119 1248 1122 1253 Ι

136 1272 179 1330 Et
191 1274 310 1347 spiritns
323 1278 372 1347 est,
388 1275 439 1352 qni
451 1274 624 1350 testificatur,
640 1275 768 1351 qnoniam
782 1273 901 1348 spiritns
914 1275 955 1330 est
966 1271 1040 1330 reri·
1114 1258 1121 1275 ‘

137 1373 188 1427 tos.
215 1370 288 1438 Quia
302 1374 357 1430 tres
370 1374 444 1443 sunt,
457 1372 508 1448 qni
521 1371 706 1430 testimoninm
720 1370 796 1442 dant,
808 1368 938 1444 spiritam,
954 1385 1037 1442 aqna,

136 1471 163 1522 et
176 1468 297 1543 sanares,
312 1472 339 1525 et
360 1472 415 1526 tres
433 1486 518 1526 annm
537 1471 611 1526 snnt.
655 1465 781 1543 Spiritus
794 1464 897 1541 utique
910 1462 1040 1522 sanctifi·

136 1561 265 1634 cationis,
281 1566 312 1621 ct
332 1563 449 1638 sanguis
469 1563 683 1640 redemptionis,
699 1565 730 1621 et
743 1581 819 1638 aqua
837 1558 1037 1637 bsptismatis:

136 1677 201 1734 quoe
225 1660 282 1718 trie
306 1678 398 1716 unum
422 1664 500 1731 sunt,
525 1665 555 1718 et
578 1659 730 1717 individua
752 1661 879 1730 manent,
904 1655 1040 1731 nihilque

135 1774 235 1813 eorum
261 1774 279 1812 a
305 1754 351 1813 sui
377 1755 555 1813 connexione
581 1754 763 1833 sejungitur:
800 1753 869 1830 quia
895 1751 1039 1811 catholica

135 1849 266 1910 Ecclesia
282 1851 337 1909 hac
356 1848 413 1908 fide
427 1851 510 1924 vivit,
525 1851 580 1909 hac
595 1851 718 1928 proficit,
733 1854 769 1909 nt
784 1850 816 1908 in
837 1848 951 1910 Christo
963 1849 983 1908 J
984 1868 1037 1907 esu

134 1965 187 2006 nec
208 1946 269 2011 sine
282 1965 351 2006 vera
364 1946 526 2006 Divinitate
544 1947 719 2019 humanitas,
735 1966 789 2006 nec
809 1946 870 2005 sine
887 1964 957 2004 vera
976 1963 1038 2004 cre-

134 2042 221 2100 datur
233 2042 414 2102 humanitate
428 2042 583 2115 Divinitas,

135 2292 200 2349 Car.
211 2293 431 2364 VL-Entyctis
438 2311 525 2365 prora
537 2303 560 2349 et
572 2293 680 2349 nebdola
693 2295 825 2366 confessio.
851 2294 911 2362 Qna
922 2293 1039 2360 ratione,

169 2383 195 2436 si
213 2381 351 2453 resipiscit,
376 2382 563 2437 cormnnnioni
577 2382 614 2436 sit
631 2381 815 2437 restitaendns.
864 2381 960 2453 lereti
976 2382 1049 2445 enit-v

171 2479 269 2524 tnntnr
279 2470 312 2524 in
325 2469 467 2525 Orientem.

175 2592 359 2651 Canentem
379 2593 416 2651 ad
435 2592 685 2652 interlocutionem
705 2593 847 2652 examinis
865 2593 955 2652 vestri
975 2593 1039 2652 Eu-

134 2688 236 2764 tyches
254 2687 442 2765 responderit,
465 2687 572 2762 dicens,
599 2688 733 2766 Confiteor
750 2711 782 2748 en
802 2689 906 2750 daabns
925 2691 1041 2748 nataris

127 2789 219 2864 fnisse
231 2789 381 2846 Dominam
394 2792 518 2846 nostram
540 2794 603 2847 ante
617 2791 831 2858 adunationem·
846 2794 913 2864 post
932 2791 1041 2849 mana-

136 2884 236 2942 tionem
245 2903 315 2952 cero,
326 2903 409 2941 mnam
418 2887 549 2943 notarem
559 2887 695 2962 confiteor,
707 2885 796 2944 miror
805 2889 866 2946 tam
876 2885 1042 2957 absurdam,

134 2981 252 3055 tamque
270 2997 433 3054 perversam
446 2977 509 3055 ejus
521 2979 734 3056 professionem,
749 2981 832 3039 nulla
841 2979 1044 3058 judicantium

134 3073 328 3150 increpatione
340 3075 553 3150 reprehensam,
566 3079 597 3135 ct
610 3095 777 3150 sermonem,
793 3075 880 3135 nimis
897 3075 1041 3153 insipien-

134 3172 194 3227 tem
203 3169 347 3246 nimisque
356 3169 566 3246 blasphemum,
576 3172 619 3232 ita
629 3172 775 3242 omissum,
784 3171 867 3249 qnasi
876 3170 953 3230 nihil
960 3174 1042 3250 quod

135 3263 292 3324 offenderet
312 3268 387 3324 esset
404 3265 554 3341 anditum3
575 3288 641 3328 cum
660 3272 722 3328 tam
739 3268 827 3345 impie
845 3268 970 3326 duarum
985 3288 1040 3330 na-

122 3362 259 3419 turarum
274 3363 345 3422 ante
354 3360 583 3422 incarnationem
595 3363 763 3439 unigenitus
773 3364 830 3423 Dei
839 3362 934 3423 Filius
946 3363 1054 3467 inisse,j
