2356 3780
447 238 615 282 σκιοααοοιο
634 241 759 288 omn.
1010 229 1048 286 49

147 422 239 495 ροιθεὶς
260 424 287 479 ἐν
304 424 420 498 οὐρανοῖς
441 424 514 480 ἐστιν
531 421 593 480 ἀνω.
635 423 667 478 Et
686 425 733 495 μέν
752 425 803 499 γάρ
825 426 983 500 σταυροθείε
1006 429 1048 484 καὶ

146 521 239 594 ταφείς
258 522 404 593 ἐναπέμεινε
421 525 458 596 τῷ
477 521 561 595 τάφῳ,
578 516 681 592 ε’ίχομεν
694 521 725 577 ἃν
746 520 961 596 ἐπαισχύνεσθαι·
992 527 1047 581 νυνὶ

148 617 176 672 δέ
194 617 224 673 ‘0
245 621 271 675 ἐν
289 625 325 696 τῷ
343 617 463 692 Γολγοθᾷ
481 617 564 691 τούτῳ
583 617 742 691 σταυρυθέιι
763 619 814 674 ἀπὸ
834 624 880 675 τοῦ
900 623 966 694 πρὸς
986 620 1047 677 ἀνα·

148 715 227 773 τολάε
247 716 323 791 ὅρους
340 721 391 771 τῶν
406 712 517 770 Ἐλαίυν
534 715 694 784 ἀναβέβηκεν
714 715 751 772 είι
769 717 814 771 τόν
832 716 947 789 οὐρανόν.
987 717 1046 774 Ἐν·

147 811 236 867 τεῦθεν
249 815 300 887 γὰρ
318 813 355 871 είς
374 809 439 885 ᾅδην
458 813 580 878 καταβὰς,
603 813 644 866 καὶ
663 814 744 867 πόλιν
761 811 877 868 ἀνελθὸν
893 815 959 887 πρόε
972 814 1045 886 ἡμᾶς,

147 905 195 980 ἀφ’
218 909 288 981 ἡμῶν
308 909 404 982 ἀνῆλθε
420 911 501 966 πόλιν
523 910 560 967 εἷς
578 911 624 964 τόν
644 908 759 981 οὐρανόν,
782 913 829 964 τοῦ
852 912 955 984 Πατρός
977 913 1046 987 αὐτῷ

145 1007 365 1078 προσφωνοῦντος
379 1008 419 1062 καί
439 1008 571 1080 λέγονται,
592 1009 611 1032 “
624 1005 711 1061 Κάθου
729 1005 757 1060 ἐκ
774 1004 866 1073 δεξιῶν
883 1029 942 1078 μου,
954 1006 1001 1065 ἕως
1014 1008 1046 1063 όν

146 1101 184 1158 θῶ
197 1104 256 1163 τούς
271 1101 379 1177 ἐχθρούς
393 1126 444 1160 σου
456 1103 598 1159 ὑποπόδιον
611 1108 661 1157 τῶν
672 1103 760 1160 ποδῶν
774 1100 850 1158 σου.”

372 1307 443 1351 ΠΕΡΙ
461 1304 648 1352 ΜΕΛΔΟΤΣΗΣ
665 1304 807 1353 ment.

189 1419 233 1475 15.
256 1419 337 1480 οῦτοι
351 1420 452 1490 Ἰησοῦς
472 1422 487 1474 ό
505 1421 618 1492 Χριστὸς
634 1424 649 1476 ό
666 1419 764 1488 ἀναβὰς
789 1424 892 1495 ἔρχεται
914 1424 993 1479 πόλιν
1014 1422 1044 1493 ἐξ

134 1515 266 1588 οὐρανῶν,
286 1518 332 1572 οῦκ
353 1517 404 1574 ἀπὸ
421 1519 476 1591 γῆς.
519 1519 568 1573 Καὶ
586 1513 667 1586 εἶπον,
690 1519 707 1545 “
719 1519 765 1572 οὐκ
785 1519 836 1575 ἀπὸ
856 1513 934 1592 γῆι,”
955 1518 1043 1590 ἐπειδὴ

143 1614 240 1668 πολλοὶ
259 1614 405 1684 μιλλουσιν
422 1614 583 1688 ἀντίχριστοι
605 1618 649 1670 νῦν
662 1613 713 1668 ἀπὸ
731 1616 780 1687 γῆς
800 1615 950 1688 ἔρχεσθαι.ι
969 1613 1043 1686 Ἤδη

143 1709 203 1784 γάρ,
219 1711 300 1767 καθῶι
314 1711 469 1784 ἐθεώρησαν,
492 1711 602 1785 ἤρξαντο
622 1711 721 1768 πολλοί
734 1710 831 1785 λέγειν,
844 1711 883 1767 ότι
899 1716 916 1740 “
926 1713 976 1786 ἐγώ
991 1714 1043 1785 εἶμι

143 1810 158 1862 ό
179 1804 319 1880 Χριστόι·”
351 1809 393 1864 καί
413 1809 506 1879 μελλει
527 1810 620 1864 λοιπόν
639 1807 764 1882 ἔρχεσθαι
786 1812 816 1865 τὸ
836 1809 975 1884 βδελυγμα
998 1813 1043 1881 τῆς

144 1905 305 1977 ἐρημώσεως,
326 1905 412 1977 ψευδῆ
438 1907 553 1977 Χριστοῦ
575 1904 755 1978 προσηγορίαν
776 1908 858 1983 ἐαυτῷ
881 1906 1041 1980 προστιθείς.

142 2001 177 2055 Σῦ
191 2001 220 2055 δι’
231 2023 276 2072 μοι
289 2002 335 2057 τόν
348 2002 431 2071 ἀληθῆ
446 2005 568 2075 Χριστόν,
582 2005 626 2059 τὸν
639 2003 695 2057 υίὸν
708 2005 754 2057 τοῦ
769 2008 836 2059 θεοῦ
850 2005 895 2060 τὸν
907 2007 1043 2078 μονογενῆ,

142 2097 230 2168 μηκέτι
244 2101 338 2155 λοιπὸν
351 2100 402 2155 ἀπὸ
421 2101 469 2172 γῆς
483 2100 631 2173 ἐρχόμενον,
645 2099 704 2155 ἀλλ’
725 2098 755 2167 ἐξ
772 2102 886 2173 οὐρανῶν
898 2102 1042 2174 προσδόκα,

141 2195 206 2268 ῦπέρ
219 2196 324 2251 ἅπασαν
335 2196 471 2269 ἀστραπῆν
485 2199 525 2251 καὶ
535 2198 687 2267 λαμπηδόνα
700 2196 788 2267 φωτὸς
801 2199 855 2253 τοῖς
867 2199 935 2252 πᾶσι
948 2198 1040 2268 φαινό·

140 2314 227 2363 μενον,
249 2293 292 2349 ὐπ’
317 2293 438 2366 ἀγγέλων
459 2290 692 2365 δορυφορούμενον,
717 2290 758 2348 ἰ’να
785 2294 856 2366 κρίνη
881 2295 976 2361 ζῶντας
996 2296 1040 2350 καί

143 2389 254 2462 νεκρούς,
268 2392 310 2445 καί
329 2388 460 2458 βασιλεύῃ
479 2392 618 2455 βασιλείαν
638 2389 765 2461 οὐράνιον,
778 2390 889 2457 αδώνιον,
905 2391 946 2445 καί
960 2390 1038 2444 ἀτελ-

141 2485 254 2556 εύτητον.
296 2486 462 2558 Ἀσφαλίζου
479 2487 530 2557 γάρ
550 2507 594 2555 μοι
615 2486 657 2539 καὶ
676 2485 810 2560 ἐντούτῳ,
830 2487 917 2556 ἐπειδῆ
941 2486 1040 2541 πολλοί

139 2583 207 2638 είσιν
221 2587 245 2639 ol
258 2587 388 2658 λέγοντες,
402 2585 421 2612 “
430 2582 506 2639 τελοε
519 2577 583 2636 εἶναι
596 2585 641 2653 τῆς
655 2586 771 2654 Χριστοῦ
783 2579 950 2648 βασιλείαι.”

386 2776 457 2820 ΠΕΡΙ
475 2775 567 2819 Arlo‘r
584 2773 784 2820 ΠΝΕΥΜΑΤΟΣ.

180 2901 224 2956 16.
246 2902 359 2957 Πίστευε
377 2908 418 2960 καί
435 2904 472 2961 εἷς
492 2905 521 2958 τδ
542 2907 647 2973 Πνεῦμα
662 2900 803 2975 τδἈγιον·
832 2903 872 2956 καί
893 2882 943 2975 τῆν’
959 2904 1037 2976 αὐτὴν

136 3000 181 3070 ἔχε
199 3000 259 3071 περὶ
277 2998 361 3055 Αὐτοῦ
377 3001 463 3070 δόξαν,
484 2998 515 3070 ῆν
534 3003 683 3073 παρελαβει
703 2999 773 3070 ἔχειν
791 3001 851 3072 περὶ
871 3002 974 3074 Πατρδε
994 3004 1035 3058 καί

135 3098 205 3161 Υίοῦ,
222 3097 263 3151 καὶ
283 3096 317 3167 μῆ
341 3099 404 3152 κατὰ
424 3098 483 3154 τοῦς
502 3097 534 3152 τὰ
545 3097 671 3168 δύσφημα
683 3098 743 3170 περὶ
761 3097 839 3152 αὐτοῦ
857 3098 1032 3160 διδάσκοντας.

136 3199 171 3252 Σύ
190 3198 218 3251 δέ
236 3194 356 3267 μάνθανε,
378 3195 417 3251 ότι
437 3197 465 3252 ἐν
482 3197 541 3252 ἐστι
561 3200 637 3253 τοῦτο
655 3198 685 3251 τὸ
701 3193 795 3268 Ἀγιον
814 3201 928 3268 Πνεῦμα,
950 3198 1032 3255 ἀδιαί·

133 3317 217 3366 ρετον,
238 3292 426 3364 πολυδύναμον,
444 3296 533 3350 πολλὰ
552 3297 599 3366 μὲν
620 3295 748 3366 ἐνεργοῦν,
768 3294 830 3349 αὐτό
846 3294 874 3349 δέ
894 3295 928 3365 μῆ
948 3299 1033 3369 μεριζ-

134 3393 234 3463 όμενον·
254 3393 284 3447 τό
298 3395 426 3466 γινῶσκον
446 3393 478 3447 τά
495 3391 633 3465 μυστῆρια,
653 3394 683 3447 τό
702 3392 809 3464 ἐρευνῶν
828 3395 929 3453 πιόντα,
947 3394 996 3444 κάκ
1009 3394 1049 3442 ’θα

576 3505 599 3548 ι
1132 3465 1137 3515 ι’
