2356 3780
136 205 194 264 154
417 221 561 262 rnrrrrn
580 220 742 262 rorrnrsrr

133 404 297 457 semaam,
318 386 348 443 et
372 384 529 457 credamus,
552 390 583 444 et
605 384 740 458 oolamus,
764 387 794 444 et
818 383 1025 444 confiteamur:

135 479 318 559 [Dioitotom
338 483 368 541 ἐκ
382 482 519 555 Personio,
543 482 680 541 Ueritatem
693 482 724 540 o‘n
743 481 906 543 substoot'.
944 481 1029 539 Hono

134 596 236 654 quoquo
258 577 423 636 Dinitotom
446 579 629 636 Personarum
650 580 730 652 atquo
757 577 895 636 Unitotom
921 580 1029 636 notura

128 671 266 746 propbeta
288 672 391 730 Esaias
408 671 553 731 reoelotom
573 670 629 729 sobi
648 689 702 728 ooo
723 672 938 740 insultatorem
957 671 1029 730 diois

133 765 270 839 seraphim
289 767 389 825 aduae
409 766 567 836 clamantia,
588 765 719 838 Sanetus,
740 765 870 839 Sanetus,
894 766 1026 838 Sanetus,

134 860 275 920 Dominus
287 863 368 921 Deus
383 862 516 922 Sabaoth.
565 861 623 921 Ubi
636 881 754 936 proram
772 862 803 919 o'a
821 862 939 940 eoquod
957 861 1030 920 dim-

135 959 183 1015 tar
205 957 285 1015 tortio
309 957 440 1030 Sanetus,
461 959 644 1017 Personarum
667 957 842 1028 Ibioo‘totem,
867 957 898 1017 s'o
917 977 945 1015 oo
967 974 1029 1015 oero

135 1053 207 1129 qaod
225 1052 305 1110 sonui
320 1054 435 1113 Mamas
454 1053 597 1112 Dominus
614 1053 695 1112 Deus
714 1053 849 1125 Sabaoth,
863 1053 964 1112 diotae
978 1071 1030 1112 oo·

135 1153 205 1209 turco
218 1150 399 1225 ooqoosea'mao
420 1147 582 1228 Uolturno]

173 1245 268 1322 Neque
287 1245 476 1322 confundentes
488 1246 642 1304 Personae:
663 1248 699 1304 ut
712 1244 857 1304 sabellius
877 1249 964 1314 errat,
977 1245 1032 1321 qui

134 1340 230 1417 ipsum
249 1340 322 1401 diait
340 1360 401 1400 esse
421 1342 537 1400 Patrem
556 1340 588 1399 in
606 1343 731 1400 Persona
752 1360 838 1418 quem
858 1344 889 1400 et
908 1340 1028 1415 Filium,

134 1438 230 1514 ipsum
249 1442 280 1498 et
300 1437 442 1515 Spiritum
456 1437 605 1500 Sanctum.
646 1437 712 1496 Nou
733 1457 800 1512 ergo
820 1436 1031 1497 confundentes

136 1535 284 1604 Personas,
298 1533 367 1611 quia
389 1537 448 1592 tres
468 1532 583 1591 omnino
606 1535 738 1593 Personae
760 1537 837 1594 sunt.
879 1534 934 1592 Est
953 1533 1033 1591 enim

137 1629 267 1706 gignens,
277 1629 403 1706 genitus,
416 1631 446 1688 et
465 1629 628 1705 procedens.
673 1631 792 1706 Sapaeos
812 1631 856 1687 est
869 1629 964 1702 Pater,
981 1628 1035 1706 qui

29 1715 32 1723 ¹
138 1726 239 1800 genuit
252 1725 378 1792 Filium
399 1723 494 1783 Filius
513 1727 557 1782 est
574 1725 691 1801 penitas,
707 1743 794 1801 quem
813 1723 1032 1799 genuit‘Pater3

139 1820 267 1897 Spiritus
290 1821 412 1879 Sanetus
432 1828 476 1878 est
490 1821 645 1895 prosedas,
668 1820 737 1896 quia
760 1839 778 1877 a
798 1820 884 1878 Patre
906 1820 936 1877 et
956 1817 1035 1878 Filio

138 1920 278 1996 procedit.
326 1921 413 1979 Pater
436 1922 466 1978 et
487 1918 581 1977 Filius
603 1916 741 1977 coaeterni
761 1916 817 1975 sibi
840 1919 909 1974 aunt
934 1918 964 1974 et
987 1934 1035 1973 oo-

138 2016 272 2094 aaquales,
296 2019 326 2075 et
353 2022 570 2092 eo-operatores,
594 2012 670 2073 siout
697 2013 836 2089 seriptum
862 2016 915 2085 est,
947 2011 1036 2070 Vardo

138 2112 256 2172 Domini
276 2111 337 2171 aare
353 2111 469 2188 firmati
490 2115 563 2182 suot,
586 2109 617 2167 id
637 2112 690 2180 est,
716 2107 831 2168 aFilio
854 2106 911 2166 Dei
934 2104 1034 2180 oreati,

140 2208 256 2284 Spiritu
268 2209 325 2268 oro'o
342 2208 398 2284 ooo
417 2207 504 2265 omnio
516 2207 607 2266 virtus
620 2224 720 2265 omum.
753 2203 812 2264 Ubi
826 2203 879 2262 sub
893 2201 1037 2278 singulari

137 2321 266 2378 numero,
284 2303 412 2379 Spiritus
432 2303 487 2380 obs
507 2301 587 2377 dicit,
607 2300 758 2360 Unitatem
777 2298 945 2358 substantiae
965 2297 1037 2356 Dei-

137 2399 208 2458 tatis
230 2399 372 2470 ostendit;
400 2399 452 2458 ubi
475 2400 528 2458 sub
553 2397 661 2474 plurali
683 2414 813 2464 numero,
834 2394 920 2452 omnis
943 2394 1036 2453 oo‘rtm

138 2515 229 2554 omum
242 2495 322 2569 dieit,
338 2494 509 2554 Trinitatem
522 2495 712 2553 Personarum
732 2494 829 2567 aperta
847 2491 1034 2566 demonstrat,

138 2591 208 2667 quia
219 2592 279 2649 tres
291 2609 384 2648 unum
398 2595 475 2661 sunt,
492 2591 523 2648 et
535 2607 626 2648 unum
639 2591 707 2647 tres.

177 2686 273 2763 Neque
291 2686 472 2745 substantiam
491 2688 670 2760 separantes:
697 2687 731 2741 ut
750 2680 841 2740 Arius
861 2679 961 2756 garrit,
984 2680 1039 2758 qui

138 2781 215 2842 siout
237 2786 297 2842 tres
317 2783 458 2841 Personas
481 2799 542 2839 esse
563 2779 645 2850 dioit,
667 2778 707 2838 sio
731 2781 762 2838 et
780 2780 840 2836 tres
862 2776 1039 2836 substautias

138 2874 199 2938 esse
222 2877 373 2938 mentitur.
413 2875 523 2934 Filium
543 2875 616 2934 dieit
637 2874 778 2932 minorem
801 2891 888 2949 quam
909 2872 1039 2944 Patrem,

139 2979 170 3035 et
188 2977 349 3033 ereaturam
367 2991 447 3046 esse;
467 2971 610 3048 Spiritum
624 2971 762 3030 Sanctum
783 2969 877 3026 adhue
897 2966 1040 3026 minorem

139 3091 227 3150 quam
239 3069 358 3143 Filium,
373 3071 404 3127 et
417 3067 497 3126 Patri
516 3072 546 3126 et
558 3065 635 3124 Filio
652 3066 729 3123 Eum
741 3083 802 3123 esse
823 3061 1040 3123 administrato-

138 3187 200 3227 rem
222 3164 337 3226 adserit.
389 3164 457 3223 Non
477 3183 544 3239 ergo
571 3162 754 3222 sobstmtiom
780 3165 944 3237 soporantes,
967 3160 1039 3236 quia

139 3271 208 3328 tota
221 3271 280 3325 tres
292 3266 424 3323 Persona
439 3262 470 3321 in
484 3263 645 3323 substantia
657 3260 783 3320 Deitatis
795 3277 888 3317 unum
902 3260 982 3316 sunt.

171 3361 252 3424 Alsa
269 3364 312 3420 est
330 3361 402 3420 enim
415 3361 537 3420 Persona
553 3357 673 3419 Patris:
695 3355 764 3433 quia
783 3357 870 3416 Pater
888 3351 1040 3429 ingenitus
