2356 3780
362 255 397 296 nv
417 255 571 296 srnronvn
590 254 801 296 irosrononun.
975 240 1031 298 125

132 430 290 508 telligenda
310 429 397 491 sunt?
437 430 580 508 Numquid
592 430 734 490 Dominus
752 433 789 491 ab
808 431 973 491 hominibus
987 436 1031 503 te·¹

131 526 195 586 ueri
214 530 336 603 poterat,
358 532 389 586 et
407 525 603 603 adjudicium
622 526 772 602 pertrahi?
812 527 852 587 Et
871 528 907 586 de
927 528 982 586 hoo
1001 532 1033 590 te

132 620 209 679 idem
230 622 375 698 Propheta
395 620 562 679 convincet:
589 620 660 680 dicit
679 621 756 680 enim
776 622 824 681 his
841 622 946 696 verbis,
967 624 1034 699 Pasa

132 717 268 775 Dominus
291 717 477 794 injusticiam
503 717 590 776 caniet
613 737 672 777 auos
698 718 850 778 caninibus
873 725 900 779 ct
919 722 1033 795 princi·

126 813 212 887 pibus
226 813 336 889 populi.
377 813 532 872 ludicatur
551 832 619 889 ergo
631 813 773 873 Dominus
792 815 949 875 secundum
962 817 1032 876 Pro-

131 915 228 990 phetae
242 912 449 987 testimonium,
465 917 496 972 et
514 933 572 972 non
593 913 685 972 solum
701 914 860 991 judicatur,
876 917 926 975 sed
945 917 1033 977 etiam

131 1009 255 1085 flagellis
281 1009 411 1082 caditur,
436 1012 466 1068 et
486 1008 591 1086 palmis
616 1009 776 1069 infaciem
798 1012 975 1087 verberatur,
1002 1018 1033 1076 et

132 1105 310 1181 conspuitur,
331 1109 362 1164 et
381 1123 464 1162 omne
483 1123 536 1180 pro
555 1103 637 1162 nobis
656 1105 766 1181 perfert
785 1107 967 1182 opprobrium
987 1109 1032 1168 in-

133 1199 292 1274 dignitatis,
334 1198 374 1257 Et
396 1197 465 1274 quia
490 1198 552 1255 haec
578 1199 766 1275 stupescenda
792 1206 875 1259 erant
900 1202 1034 1262 omnibus

133 1314 199 1353 cum
214 1293 439 1371 praedicarentur
457 1295 492 1352 ab
506 1292 661 1369 Apostolis,
677 1293 782 1352 idcirco
800 1293 887 1353 etiam
908 1316 946 1354 ex
964 1317 1032 1374 per·

133 1411 201 1450 sona
220 1390 347 1466 ipsorum
360 1390 505 1466 Propheta
523 1389 666 1448 exclamat
683 1399 714 1447 et
734 1389 813 1462 dicit,
829 1390 954 1466 Domine,
970 1396 1035 1471 qaia

132 1487 250 1546 credidit
270 1487 383 1544 caditat
398 1487 515 1544 nostro?
555 1484 729 1544 Incredibile
747 1485 824 1544 enim
838 1490 881 1546 est
894 1501 929 1546 ut
941 1489 1031 1565 Deus,
1090 1514 1092 1519 ¹

132 1582 188 1641 Dei
207 1582 295 1651 filius,
309 1602 408 1658 passus
427 1581 484 1639 ista
503 1579 616 1639 dicatur
628 1583 659 1639 et
679 1580 860 1658 predicetur.
902 1584 979 1661 Ergo
1000 1592 1031 1646 et

131 1679 330 1756 praedicuntur
341 1697 394 1754 per
406 1676 573 1752 Prophetas,
590 1695 626 1734 ne
647 1696 705 1754 qua
722 1677 875 1736 credituris
888 1679 1032 1742 dubitatio

132 1778 306 1834 nasceretur.
348 1774 416 1851 Ipse
436 1792 503 1849 ergo
523 1791 562 1830 ex
581 1792 633 1830 sua
652 1793 773 1850 persona
787 1774 918 1834 Christus
931 1776 1032 1838 Domi·

130 1890 186 1931 nus
209 1870 290 1944 dicit,
312 1870 434 1929 Dorsum
456 1890 546 1929 memo
567 1869 631 1928 deda
652 1871 690 1929 ad
701 1871 827 1949 staffello,
853 1878 880 1932 ot
901 1875 1033 1936 macillos

131 1988 203 2028 meos
217 1967 254 2025 od
265 1967 386 2042 patrnos,
402 1971 429 2025 ot
440 1967 546 2042 facicm
565 1987 652 2026 maara
665 1987 719 2026 aaa
739 1969 830 2028 coorti
848 1972 1034 2048 accasusc'oae

130 2067 282 2137 sputorum.
325 2061 468 2122 Scribitur
482 2062 569 2121 etiam
581 2062 656 2121 illud
668 2063 745 2122 inter
758 2068 876 2124 caeteras
887 2068 1033 2143 passiones

131 2163 214 2241 Ejus,
229 2164 307 2241 quod
320 2164 472 2240 alligantes
483 2165 557 2224 Eum
573 2152 721 2225 duxerunt
734 2167 770 2224 ad
781 2167 917 2236 Pilatum,
952 2171 1030 2230 Prae·

131 2258 258 2334 signavit
278 2259 366 2318 etiam
389 2260 443 2318 hcc
467 2259 620 2337 Propheta,
644 2260 696 2320 ubi
719 2261 798 2335 dicit,
819 2264 862 2322 Et
885 2264 1031 2341 clliyoatcs

130 2354 304 2412 adducerom
324 2354 400 2413 Eam
421 2356 531 2413 aeciam
552 2355 626 2434 Reyc'
647 2355 765 2415 Jorc'm:
789 2356 846 2415 nisi
867 2356 892 2416 si
914 2359 1033 2436 objiciat

130 2448 237 2524 aliquis
250 2453 279 2507 et
293 2448 379 2521 dicat,
396 2448 453 2507 Sed
466 2448 580 2507 Pilatus
599 2468 658 2507 non
678 2437 740 2510 er‘at
759 2469 821 2510 rex.
862 2452 943 2510 Audi
962 2473 1031 2529 ergo

131 2544 203 2623 quid
224 2544 256 2602 in
280 2543 466 2621 sequentibus
486 2544 576 2602 refert
597 2544 805 2619 Evangelium:
828 2547 963 2622 Audiens,
985 2548 1030 2609 in-

131 2640 205 2718 quit,
220 2640 335 2699 Pilatus
348 2640 422 2699 Eum
442 2659 496 2698 ease
516 2639 548 2697 dc
567 2639 693 2708 dalilae,
707 2641 788 2699 misit
799 2643 876 2701 Eum
892 2644 929 2702 ad
940 2645 1031 2706 Hero-

129 2735 197 2808 dem,
213 2736 264 2812 qui
280 2739 341 2795 crat
359 2739 423 2794 tuac
440 2756 491 2795 roc·
510 2735 541 2793 ab
554 2734 653 2793 Israel.
695 2736 734 2795 Et
746 2736 818 2795 bene
832 2737 913 2798 addit
925 2758 1030 2802 nomen

129 2828 231 2903 Jarim,
257 2830 335 2907 quod
359 2833 402 2888 est
429 2831 578 2908 sylvester.
619 2830 687 2889 Non
711 2831 788 2890 enim
815 2837 877 2892 crat
900 2834 1032 2894 Herodes

128 2925 164 2984 de
192 2926 275 2984 domo
299 2924 400 2999 Israel,
422 2945 476 2985 neo
501 2927 536 2985 de
563 2926 616 2985 illa
636 2926 721 2986 vinea
747 2928 917 3003 Israelitica,
944 2949 1031 3007 quam

129 3020 270 3079 eduxerat
283 3020 426 3080 Dominus
439 3022 474 3080 de
487 3022 628 3100 AEgypto‚
643 3026 673 3096 et
686 3023 868 3099 plantaverat
884 3022 916 3082 in
929 3044 1027 3098 cornu,

128 3115 161 3174 in
173 3116 235 3176 loco
248 3117 349 3190 ube1i;
370 3119 419 3177 sed
432 3122 494 3178 erat
507 3120 657 3198 sylvester,
669 3120 701 3179 id
714 3124 767 3194 est,
783 3139 820 3179 ex
834 3121 916 3198 sylva
929 3120 1030 3180 alieni·

129 3230 276 3286 genarum.
301 3212 341 3270 Et
350 3211 414 3271 ideo
423 3217 501 3273 recte
514 3218 533 3247 “
543 3214 685 3292 sylvester
694 3216 712 3240 ”
723 3218 767 3274 est
777 3215 947 3293 appellatus,
960 3214 1031 3293 quia

126 3307 162 3366 de
180 3308 350 3370 Israelitioae
369 3308 439 3367 vitis
457 3329 641 3388 nequaquam
660 3311 831 3388 palmitibus
848 3312 1029 3389 pullulasset.

130 3402 189 3463 Sed
203 3405 240 3463 ad
253 3404 307 3464 hoc
320 3405 397 3484 quod
411 3404 482 3466 dicit
491 3406 636 3484 Propheta
649 3411 667 3441 “
676 3407 817 3468 xenium''
829 3407 1036 3468 convenientsr

1079 3500 1108 3544 Δ
