2356 3780
251 234 405 276 smmum
426 233 795 275 σουςοιυτῑυονοοιοιυυυ.
936 213 971 273 17

135 505 162 560 l.
186 508 420 583 ΠΙΣΤΕΥΟΜΕΝ
434 505 471 563 είς
484 505 528 560 ἕνα
542 509 608 562 θεὸν
621 507 727 580 Πατέρα
739 507 942 578 παντοκράτορα,

179 617 287 686 ποιητὴν
310 618 419 690 οὐρανοῦ
440 617 482 670 καὶ
502 617 559 689 γῆς,
580 619 678 689 ὁρατῶν
697 640 727 673 τε
746 620 848 674 πάντων
868 618 910 672 καὶ
929 614 974 669 ἀο-

211 715 304 786 ράτων·

135 811 162 866 2.
185 811 234 864 Καὶ
247 809 284 865 είς
297 809 341 864 ἕνα
355 806 458 881 Κῦριον,
475 807 578 878 Ἰησοῦν
591 811 713 880 Χριστὸν,

186 908 232 963 τὸν
245 909 302 962 υίὸν
314 911 361 961 τοῦ
375 911 443 962 θεοῦ
456 909 503 962 τὸν
515 909 651 979 μονογενῆ,

188 1009 234 1058 τὸν
260 1004 288 1058 ἐκ
318 1007 364 1058 τοῦ
399 1004 502 1075 Πατρός
530 1001 683 1075 γεννηθέντα
714 1002 765 1073 πρὸ
797 1003 898 1056 πάντων
924 1005 976 1057 τῶν

199 1100 323 1163 αἰώνων,

190 1199 246 1249 Φῶς
260 1192 288 1245 ἔκ
302 1189 397 1254 Φωτὸς,

191 1290 258 1345 Θεὸν
270 1287 392 1355 ἀληθινὸν
405 1288 432 1341 εἰε
446 1291 514 1343 θεοῦ
528 1286 660 1356 ἀληθινοῦ,

192 1385 345 1460 γεννηθέντα
359 1384 389 1438 οῦ
402 1384 550 1453 ποιηθέντα,

190 1481 330 1552 ὁμοοῦσιον
342 1486 379 1557 τῷ
393 1476 485 1553 Πατρί·

193 1579 226 1635 δι’
242 1578 272 1634 οῦ
285 1580 317 1632 τὰ
330 1582 413 1634 πάντα
427 1578 536 1650 ε’γένετο·

141 1676 169 1730 3.
189 1680 239 1731 Τὸν
261 1673 294 1730 δι’
318 1675 383 1744 ἡμᾶς
403 1674 463 1732 τοῦς
485 1674 636 1746 ἀνθρώπους
659 1676 700 1729 καὶ
723 1674 766 1729 διὰ
788 1674 835 1742 την
855 1671 980 1746 ἡμετέραν

221 1755 351 1828 σωτηρίαν

196 1853 353 1909 κατελθόντα
366 1850 394 1906 ἔκ
408 1857 459 1908 τῶν
472 1853 594 1925 οὐρανῶν,

194 1952 235 2005 καὶ
250 1950 415 2022 σαρκωθέντα

195 2047 224 2102 εἰς
237 2046 387 2118 Πνεόμοτος
399 2047 475 2120 ἁγίου
488 2047 530 2102 καὶ
544 2047 646 2117 Μαρίας
658 2048 704 2116 τῆς
717 2045 862 2120 Παρθένου,

194 2146 235 2198 καὶ
249 2144 488 2216 ε’νανθρωπησιίντα·

143 2241 170 2296 4.
191 2241 374 2314 Σταυρωθέντα
387 2264 416 2297 τε
429 2243 494 2314 ὑπὲρ
507 2241 578 2311 ἡμῶν
591 2240 634 2296 ε’πὶ
649 2241 758 2295 Ποντίου
774 2241 901 2307 Πιλάτου,

195 2335 237 2389 καὶ
250 2333 376 2401 παθόντα,
596 2345 619 2365 ⁹

135 2454 137 2458 ·
198 2433 239 2487 καὶ
253 2431 376 2502 ταφέντα·

143 2529 170 2584 5.
195 2529 242 2583 Καὶ
256 2526 402 2582 ἀναστάντα
414 2527 445 2594 τῇ
459 2523 532 2597 τρίτη
546 2523 636 2597 ἡμέρᾳ,

197 2626 262 2681 κατὰ
274 2626 320 2681 τὰς
333 2622 447 2697 γραφάς·
482 2621 483 2625 ’

145 2722 173 2778 6.
197 2724 246 2778 Καὶ
259 2721 400 2777 ἀνελθόντα
414 2720 449 2777 είς
462 2718 522 2775 τοὺς
535 2719 657 2792 οῦρανοῦς
671 2719 676 2727 ’

195 2821 237 2874 καὶ
250 2819 418 2886 καθεζόμενον
431 2817 459 2871 έκ
472 2815 564 2884 δεξιῶν
576 2820 622 2872 τοῦ
633 2815 743 2887 Πατρὸς,

113 2949 116 2954 ·
145 2911 170 2972 7.
192 2918 242 2972 Καὶ
255 2917 334 2972 πόλιν
348 2915 486 2988 ἐρχόμενον
497 2914 563 2985 μετά
576 2914 654 2984 δόξης

198 3017 279 3086 κρῖναι
292 3015 388 3080 ζῶντας
399 3013 441 3067 καὶ
455 3010 567 3083 νεκροῦς·

197 3109 229 3165 οῦ
241 3113 287 3180 της
298 3109 438 3176 βασιλείας
451 3109 497 3165 οῦκ
511 3110 585 3164 ἔσται
598 3109 684 3165 τέλος·

134 3211 135 3215 ’
148 3209 175 3264 8.
199 3209 248 3263 Καὶ
262 3207 298 3265 είς
310 3209 341 3262 τό
355 3212 459 3278 Πνεῦμα
472 3209 503 3263 τὸ
511 3204 614 3279 Ἀγιον,

160 3363 163 3375 ,
197 3306 228 3359 τό
244 3303 344 3376 Κύριον,

198 3407 240 3461 καὶ
252 3409 282 3462 τὸ
294 3405 427 3476 ζωοποιὸν,
