2356 3780
164 212 221 268 110
436 230 542 272 norm
561 227 786 271 autumamus

163 396 338 451 commutato
350 393 475 466 nomine,
488 394 524 452 de
537 396 617 453 Ausa
633 395 677 454 “J
677 393 768 453 esus”
783 394 1000 468 cognominatus
1014 395 1062 454 sit.

163 489 228 556 Quo
249 489 361 550 soilioet
376 491 584 563 ostenderetur,
605 490 661 550 hoo
678 511 739 550 esse
757 511 863 549 nomen
880 491 958 567 quod
981 491 1061 568 prin·

163 583 275 661 cipibus
287 588 318 644 et
330 585 452 644 ducibus
465 585 641 659 conveniret,
656 585 703 644 his
716 587 862 645 duntaxat
874 585 926 662 qui
939 585 1063 644 salutem
1100 664 1103 667 1

163 680 350 756 sequentibus
362 701 393 740 se
405 683 521 758 populis
534 684 647 741 darent.
688 683 794 760 Itaque
808 688 837 741 et
851 683 902 741 ille
918 686 938 715 “
948 683 968 742 J
968 681 1060 740 esus”

164 775 326 853 appellatus
339 780 392 851 est,
409 778 461 854 qui
479 779 616 838 eductum
630 779 665 837 da
680 787 756 837 terra
769 778 895 856 AEgypti
908 778 1058 854 populum,

164 876 195 931 et
206 872 242 930 de
262 872 405 932 erroribus
425 875 514 933 eremi
533 875 688 933 liberatum
701 873 733 932 in
746 879 853 933 terram
865 873 1060 950 repromissio·

162 967 209 1026 nis
225 967 362 1042 induxit3
383 971 474 1029 ethio
490 968 634 1040 “Jesus‚”
649 970 700 1046 qui
718 971 858 1047 populum
871 971 907 1029 de
926 969 1061 1045 ignorau-

163 1063 213 1124 tiae
226 1064 353 1124 tenebris
367 1066 513 1136 eductum,
524 1066 599 1125 etde
612 1065 715 1124 muudi
727 1067 871 1126 erroribus
883 1071 1058 1138 revooatum,

161 1160 326 1220 introduxit
339 1161 376 1219 sd
388 1180 477 1235 regua
489 1163 636 1220 ooelorum.

205 1256 385 1317 “Christus”
397 1277 512 1334 quoque
522 1259 570 1317 vel
583 1258 756 1335 pontificale,
769 1259 818 1318 vel
831 1259 944 1334 regium
956 1276 1061 1316 nomen

163 1357 217 1413 est.
258 1354 334 1412 Nam
347 1353 429 1430 prius
442 1359 472 1413 et
489 1353 641 1430 pontificos
655 1359 805 1429 unguento
819 1354 981 1413 chrismatis
995 1374 1062 1412 oon·

163 1451 349 1509 sacrabantur
368 1454 399 1510 et
417 1469 518 1526 reges:
546 1450 595 1508 sed
614 1450 660 1508 illi
682 1451 774 1510 veluti
795 1449 930 1509 mortales
950 1453 981 1509 et
1000 1469 1062 1509 oor·

164 1546 319 1622 ruptibiles
332 1554 482 1621 unguento
499 1546 629 1605 materiae
647 1546 843 1621 corruptibilis
856 1547 1060 1621 ungebantur;

163 1642 212 1700 hio
232 1662 314 1716 vero,⁴
332 1643 436 1700 Sanoto
457 1641 568 1718 Spiritu
588 1652 753 1718 perunctus,
775 1641 906 1701 Christus
926 1642 1058 1714 efficitur,

163 1738 241 1797 siout
261 1737 411 1814 Scriptura
429 1739 465 1797 de
478 1739 521 1797 Eo
540 1739 621 1812 dioit,
641 1738 727 1806 Quem
746 1739 829 1796 ausit
841 1740 929 1798 Potor
944 1736 1061 1812 Spiritu

166 1834 268 1893 Sancto
281 1833 363 1892 misso
376 1834 408 1891 de
422 1833 501 1892 aulis.
537 1834 576 1892 Et
589 1834 690 1892 Esaias
702 1834 948 1909 praefiguraverat,
961 1833 1060 1892 dioens

164 1949 202 1987 ex
224 1948 344 2005 persona
363 1928 444 2002 Filii,
462 1929 591 2004 Spiritus
608 1930 725 1988 Domini
746 1949 829 2004 super
850 1930 919 1988 Ma:
941 1932 1061 2005 propter

163 2026 236 2103 quod
246 2026 330 2084 unxit
341 2026 398 2098 Ma,
413 2025 595 2102 euuuqaliaare
608 2026 687 2084 mult
698 2026 745 2084 Me
753 2023 932 2100 pauperibus.

204 2121 281 2188 Quia
304 2140 371 2196 ergo
390 2121 565 2180 ostendimus
587 2121 659 2198 quid
680 2122 718 2182 sit
738 2123 824 2182 Jesus
844 2121 896 2198 qui
918 2121 1059 2198 populum

163 2218 310 2291 salvetat
330 2218 401 2294 quid
422 2217 460 2276 sit
479 2217 613 2276 Christus
633 2218 685 2295 qui
704 2219 837 2294 pontifex
856 2219 951 2277 faetus
970 2217 1009 2276 sit
1028 2217 1060 2275 iu

162 2318 312 2387 ueternum,
328 2333 406 2372 nuno
420 2334 457 2371 ox
476 2314 717 2391 consequentibus
730 2314 765 2372 da
779 2333 837 2390 quo
858 2313 991 2371 dieantur
1004 2313 1060 2372 istu

161 2410 320 2470 videamus.
354 2415 373 2444 “
381 2409 474 2469 Unico
487 2409 564 2468 Filio
575 2410 698 2488 (inquit)
709 2410 781 2487 ejus,
794 2409 918 2468 Domino
930 2408 1058 2467 nostro.''

162 2506 219 2566 Per
240 2506 294 2564 hoo
317 2506 400 2565 dooet
422 2525 483 2579 nos,
509 2505 578 2582 quia
598 2507 683 2565 Jesus
706 2506 762 2565 iste
780 2506 816 2563 de
839 2524 896 2581 quo
919 2504 1057 2576 diximus,

162 2608 193 2662 st
213 2600 347 2661 Christus
366 2602 402 2660 de
422 2621 479 2678 quo
500 2603 694 2679 exposuimus,
717 2601 820 2661 unious
840 2601 935 2658 Filius
954 2600 1011 2658 Dei
1030 2608 1061 2660 et

161 2703 259 2757 noster
272 2697 415 2758 Dominus
429 2698 476 2757 sit.
518 2698 565 2756 Ne
578 2699 652 2758 forte
670 2701 755 2774 putes
771 2696 849 2774 quod
861 2698 987 2755 humana
1004 2696 1061 2756 istu

161 2794 302 2854 voeabula
321 2797 469 2853 terrenum
489 2799 519 2853 te
539 2793 651 2870 aliquid
671 2794 800 2865 doceant,
822 2793 888 2854 ideo
909 2792 1062 2869 subjungit

164 2891 312 2950 “unicum
331 2891 409 2949 huna
430 2909 491 2948 esse
508 2889 619 2948 Filium
639 2890 704 2963 Dei,
720 2889 877 2948 Dominum
896 2887 1060 2946 nostrum.”

161 2987 246 3047 Unus
263 2986 342 3045 enim
355 2988 391 3046 de
404 3006 463 3045 uno
477 2986 615 3059 nascitur,
632 2985 701 3062 quia
721 2990 751 3044 et
771 2984 907 3061 splendor
918 3004 996 3042 unus
1015 2987 1061 3043 est

161 3082 243 3156 lueis,
264 3086 295 3141 et
313 3100 405 3141 unum
426 3085 471 3141 est
489 3081 611 3140 verbum
631 3081 732 3139 oordis.
775 3081 836 3139 Neo
855 3079 888 3137 in
906 3098 1060 3139 numerum

160 3177 302 3254 pluralem
315 3177 419 3236 defluit
431 3177 597 3254 incorporea
609 3177 764 3252 generatio,
777 3195 830 3235 neo
842 3175 874 3234 in
888 3175 1059 3235 divisionem

161 3273 247 3346 audit,
266 3272 318 3331 ubi
337 3271 395 3338 Qui
408 3272 543 3348 ¹nuscitur
561 3292 745 3349 nequaquam
765 3261 958 3332 aGenerante
976 3289 1056 3347 sepa·

146 3372 242 3425 ratur.
291 3368 402 3428 Unieus
415 3372 467 3444 est,
484 3375 520 3427 ut
538 3367 630 3427 menti
648 3387 755 3442 sensus,
771 3372 807 3428 ut
825 3367 966 3444 sapientia
983 3367 1057 3444 sapi-
