2356 3780
451 251 619 292 mmmm
639 252 758 296 amm.
1009 243 1048 298 45

150 425 178 480 ίν
194 427 261 480 πᾶσι
279 425 390 490 τέλειος,
405 426 447 480 καὶ
464 427 552 480 πᾶσαν
571 423 663 499 ἀρετῆς
681 425 751 482 ίδίαν
771 427 799 482 ἐν
815 424 867 502 ’ίσῳ
886 428 1046 500 κεκτημένος.

149 525 208 577 οὔτε
221 518 368 593 μειούμενος
382 524 441 576 οὔτε
454 521 548 589 αὔξων,
562 521 633 577 ἀλλὰ
648 523 689 579 ἀεὶ
701 525 765 579 κατὰ
778 524 810 579 τδ
827 524 892 579 σῦτδ
905 526 946 580 καὶ
961 526 1046 583 ὡσαύ-

151 642 201 678 τως
219 620 295 691 ἔχων,
310 617 451 689 ήτοιμακὼς
470 622 580 675 κολασιν
597 622 651 676 τοῖς
669 621 839 693 ἁμαρτωλοῖς,
855 622 896 677 καὶ
916 625 1048 696 στέφανον

149 719 202 776 τοῖς
216 716 331 775 δικαίοις.

190 814 217 867 6.
237 812 310 870 ’.Επεὶ
334 812 379 869 οῦν
400 811 582 885 ἐπλανήθησαν
602 813 654 869 ἀπὸ
678 818 724 869 τοῦ
746 812 802 873 ἕνδς
826 819 893 870 θεοῦ
914 816 1047 892 διαφόρως

148 910 255 974 πολλοί,
277 910 318 965 καὶ
342 912 367 965 οἱ
387 909 435 980 μίν
456 909 533 980 ήλιον
553 910 733 978 ε’θεοποίησαν,
752 907 801 980 ἰ’να,
822 910 940 970 δύνοντος
961 915 1046 984 ήλίου,

149 1008 213 1062 κατὰ
226 1010 272 1063 τὸν
284 1011 330 1076 τῆς
344 1010 433 1064 νυκτὸς
452 1009 540 1080 καιρὸν
559 1008 630 1062 ι’ίθεοι
642 1008 763 1078 μένωσιν,
778 1009 802 1062 ol
822 1008 850 1062 δὲ
871 1009 991 1080 σελήνην,
1005 1010 1046 1068 ἵνα

148 1105 175 1159 ίν
187 1103 268 1177 ήμίρᾳ
282 1106 348 1160 θεδν
365 1104 400 1175 μή
414 1107 503 1176 ἔχωσι,
519 1107 544 1159 οί
562 1105 591 1159 δὲ
609 1106 642 1160 τὰ
654 1106 734 1160 λοιπὰ
752 1103 816 1176 με’ρη
835 1109 880 1160 τοῦ
896 1109 1005 1176 κόσμου,
1020 1113 1045 1165 οί

147 1202 176 1256 δὲ
190 1203 236 1258 τὰς
249 1204 350 1273 τέχνας,
364 1205 388 1258 οἱ
401 1202 430 1256 δὲ
448 1202 494 1259 τὰς
507 1204 615 1273 τροφάς,
630 1204 655 1256 οί
674 1201 762 1258 δὲτὰς
782 1201 882 1270 ήδονάς,
896 1206 938 1259 καί
951 1206 977 1259 οἱ
996 1207 1044 1274 μὲν

147 1304 347 1371 γυναικομανεῖς,
361 1301 457 1372 γυμνῆς
470 1303 588 1370 γυναικὸς
608 1297 716 1354 εἴδωλον
735 1298 763 1352 ίν
779 1299 876 1375 ὑψηλῷ
891 1299 1043 1370 στήσαντες,

147 1393 306 1468 ’λφροδιτήν
324 1419 353 1450 τε
370 1392 638 1468 προσαγορεύσαντες,
652 1393 849 1469 προσεκύνησαν
863 1398 905 1451 διὰ
922 1402 968 1452 τοῦ
981 1401 1044 1470 φοι-

148 1492 254 1562 νομένου
267 1495 297 1548 τὸ
310 1492 401 1558 πάθος,
415 1494 440 1546 οί
458 1493 486 1548 δὲ
499 1495 545 1546 τοῦ
560 1496 662 1566 χρυσοῦ
676 1493 705 1546 τδ
725 1493 845 1564 λαμπρὸν
865 1494 1043 1567 ἐκπλαγέντες,

145 1589 222 1645 αὐτόν
235 1613 263 1644 τε
276 1591 373 1648 καὶτὰς
386 1590 479 1646 λοιπδς
491 1586 556 1646 ῦλας
566 1585 746 1658 ε’θεοποίησαν.
767 1588 828 1645 Ἐὰν
838 1588 868 1645 δέ
878 1611 917 1647 τις
926 1594 972 1645 τὸν
983 1595 1043 1663 περὶ

143 1689 283 1759 μοναρχίας
295 1692 341 1743 τοῦ
352 1690 419 1743 θεοῦ
431 1689 512 1759 λόγον
525 1685 723 1759 προθεμελιιίιση
737 1690 768 1757 τῇ
782 1688 880 1761 καρδίη,
892 1689 933 1742 καὶ
946 1689 1041 1758 πεισθῇ

143 1784 232 1860 τούτῳ,
246 1789 335 1842 πᾶσαν
352 1787 417 1855 ὁμοῦ
430 1790 481 1840 τῶν
499 1790 581 1840 κακῶν
594 1787 639 1854 τῆς
651 1784 865 1858 εἶδωλολατρείας
879 1785 920 1840 καὶ
933 1787 979 1855 τῆς
991 1792 1042 1840 τῶν

142 1883 273 1954 αἱρετικῶν
285 1883 385 1951 πλάνης
398 1883 513 1936 ἐκκόπτει
526 1881 572 1950 τήν
585 1883 680 1953 φοράν.
701 1885 782 1936 Τοῦτο
795 1883 842 1952 μὲν
855 1881 899 1936 οῦν
913 1903 957 1936 σοι
969 1888 1039 1955 πρῶ-

142 2000 188 2032 τον
201 1980 284 2051 δόγμα
301 1981 346 2048 τῆς
364 1979 499 2044 εὐσεβείας
517 1978 544 2032 ε’ν
562 1979 683 2051 τῇψυχῇ
701 1977 923 2051 προθεμελίωσον,
938 1980 980 2033 διὰ
995 1981 1040 2049 τῆς

142 2075 264 2133 πίστεως.

473 2257 546 2300 ΠΕΡΙ
562 2255 704 2302 ΧΡΙΣΤΟΥ.

182 2367 209 2429 7.
231 2373 344 2428 Πίστευε
358 2372 386 2427 δὲ
400 2372 441 2425 καί
455 2371 491 2428 είς
508 2372 553 2425 τὸν
566 2368 627 2424 Υίῦν
639 2373 686 2424 τοῦ
695 2371 770 2436 θεοῦ,
781 2371 826 2424 τδν
839 2368 883 2424 ἕνα
896 2370 938 2424 καί
950 2372 1037 2439 μόνον,

140 2470 186 2524 τδν
199 2468 295 2542 Κύριον
312 2469 383 2540 ήμῶν
396 2465 500 2537 Ἰησοῦν
513 2469 635 2537 Χριστόν·
656 2467 701 2520 τὸν
719 2467 747 2520 ε’κ
760 2468 806 2519 τοῦ
819 2470 887 2520 θεοῦ
902 2466 967 2520 θεὸν
979 2489 1037 2538 γεν-

141 2566 255 2635 νηθέντα,
276 2568 321 2622 τὸν
344 2567 372 2622 ε’κ
392 2568 463 2635 Ζωής
483 2564 554 2634 Ζωήν
574 2562 734 2636 γεννηθέντα,
753 2564 799 2617 τδν
822 2562 850 2616 ε’κ
874 2562 961 2618 Φωτδς
982 2569 1039 2621 Φῶς

140 2664 300 2735 γεννηθέντα,
314 2665 359 2718 τδν
372 2662 462 2734 ὅμοιον
481 2663 545 2717 κατὰ
560 2662 643 2717 πάντα
663 2664 699 2735 τῷ
719 2659 881 2733 γεννήσαντι,
893 2660 940 2713 τόν
951 2659 997 2714 οῦκ
1011 2661 1039 2714 ἐν

140 2763 243 2831 χρόνοις
255 2763 285 2815 τδ
301 2756 364 2815 εἶναι
378 2761 544 2830 κτησάμενον,
559 2759 630 2813 ἀλλὰ
643 2760 694 2829 πρό
707 2758 810 2813 πάντων
823 2762 874 2811 τῶν
886 2755 984 2810 αἶύνων
998 2757 1037 2811 ἀί·

139 2856 201 2913 δίως
214 2858 255 2911 καὶ
267 2856 450 2927 ἆκοτολήπτως
464 2857 492 2910 ἐκ
501 2860 547 2911 τοῦ
563 2856 664 2927 Πατρδς
676 2854 867 2927 γεγεννημένον,
877 2853 923 2923 τὴν
937 2854 1037 2923 σοφίαν

140 2956 207 3006 θεοῦ
226 2954 267 3008 καὶ
286 2953 332 3022 τήν
350 2953 463 3024 δύναμιν,
478 2955 520 3008 καὶ
539 2954 585 3023 τήν
605 2950 768 3021 δικαιοσύνην
787 2951 833 3020 τήν
852 2951 1033 3020 ε’νυπόστατον,

137 3051 182 3104 τὸν
195 3050 223 3103 ε’ν
236 3049 308 3121 δεξίᾳ
325 3054 371 3105 τοῦ
385 3052 487 3123 Πατρδς
501 3052 553 3123 πρδ
568 3052 671 3106 πάντων
683 3056 735 3104 τῶν
747 3049 846 3103 αίῶνων
859 3046 1034 3116 καθεζόμενον.

136 3147 176 3203 Οῦ
189 3148 249 3220 γὰρ,
264 3147 299 3203 ὥς
311 3168 377 3204 τινες
391 3148 521 3217 ε’νόμισαν,
537 3149 602 3217 μετὰ
614 3152 644 3204 τὸ
657 3148 740 3205 παθδς
753 3145 931 3219 στεφανωθεὶς
945 3144 1035 3217 ὥσπερ

136 3245 186 3300 ῦπδ
202 3246 249 3298 τοῦ
268 3245 343 3306 θεοῦ,
358 3243 400 3296 διδ
419 3242 466 3312 τήν
484 3243 614 3313 ὑπομονήν
632 3244 714 3309 ε’λαβε
734 3245 779 3299 τὸν
796 3244 823 3298 ε’ν
843 3242 915 3313 δεξιᾷ
933 3239 1033 3313 θρόνον·

136 3343 195 3399 ἀλλ’
210 3339 258 3414 ἀφ’
271 3340 350 3412 οῦπίρ
364 3341 436 3396 ε’στιν
446 3336 517 3414 (ἔστι
531 3342 559 3396 δὲ
572 3341 702 3415 γεννηθεὶς
715 3338 768 3415 ἀεὶ)
783 3343 838 3413 ἔχει
850 3343 880 3396 τδ
893 3340 1035 3406 βασιλικὸν

137 3439 245 3512 ἀξίωμα,
267 3439 486 3514 συγκαθεζόμενος
506 3446 542 3517 τῷ
564 3441 660 3515 Ποτρλ,
678 3442 747 3498 θεὸς
768 3439 806 3495 δυ
830 3441 877 3494 κολ
896 3434 990 3503 &a
1011 3432 1134 3540 εἰς.
