2356 3780
127 233 186 290 126
400 247 506 288 mum
523 245 747 299 commanus

124 426 247 504 aptarit.
287 425 370 485 Tunc
390 426 468 485 enim
486 426 618 484 Herodes
640 430 671 485 et
689 426 804 486 Pilatus
824 428 872 504 (ut
890 428 1022 504 Evange-

123 525 199 583 linm
209 525 348 601 testatur)
363 544 401 583 ex
418 523 543 582 inimicis
561 523 594 580 in
606 524 786 582 concordiam
798 524 923 584 revocati
937 531 1023 598 sunt;

124 625 156 681 et
181 621 265 680 velut
290 619 531 679 reconciliationis
562 638 621 677 suae
652 621 783 692 xenium,
811 620 943 679 vinctum
969 621 1024 681 sibi

123 717 249 776 invicem
274 716 431 776 mittebant
455 715 568 776 Jesum
610 715 689 780 Quid
714 716 845 789 interest,
870 718 1023 776 dummodo

122 813 208 873 Iesus
233 817 269 873 ut
299 813 425 872 salvatum
454 812 624 871 dissidentes
656 812 831 886 reconciliet,
863 821 893 873 et
922 833 1024 890 pacem

122 913 245 986 reparet,
274 929 308 968 ac
338 909 427 968 etiam
456 907 636 967 concordiam
661 906 784 966 reddat?
824 909 909 968 Unde
935 909 1023 969 etiam

122 1005 160 1064 de
178 1006 233 1064 hoc
253 1005 394 1081 scriptum
413 1008 459 1065 est
477 1004 510 1062 in
528 1004 592 1078 Job,
607 1004 746 1062 Dominus
764 1006 922 1064 reconciliat
941 1006 1023 1064 corda

115 1104 284 1178 principum
298 1108 387 1161 terra.

162 1203 210 1257 22.
233 1199 372 1257 Refertur
397 1197 469 1255 item
495 1196 573 1273 quod
598 1215 665 1254 cnm
690 1196 803 1255 Pilatus
829 1197 921 1256 vellet
945 1199 1022 1257 Eum

122 1294 278 1369 dimittere,
300 1294 393 1353 omnis
411 1293 536 1370 populus
555 1292 780 1365 succlamaverit,
802 1293 944 1370 Oeun'jipe,
959 1315 1023 1354 eru·

121 1391 199 1467 aiflpe
223 1392 307 1450 Eum
356 1388 540 1448 Pranunciat
565 1389 620 1446 hcc
647 1407 761 1464 quoque
787 1389 927 1448 Jeremias
952 1391 1022 1450 Pro·

120 1487 218 1562 pheta,
247 1487 345 1545 dicens
371 1505 409 1545 ex
434 1503 556 1562 persona
581 1483 699 1541 Domini
725 1484 825 1560 ipsius,
855 1485 944 1544 Facta
969 1493 1019 1560 est,

120 1581 227 1659 inquit,
250 1583 395 1642 hareditas
418 1600 477 1638 mea
500 1581 580 1653 mihi,
598 1581 670 1638 sieut
693 1580 732 1638 lec
754 1581 785 1638 iu
808 1580 895 1656 sylva.
933 1584 1021 1642 Dedit

121 1697 204 1753 stupu
226 1699 268 1736 me
290 1697 376 1737 uocem
396 1697 481 1750 auam,
499 1682 650 1752 propterea
673 1696 766 1735 morus
789 1697 849 1735 sum
869 1697 937 1736 eam.
978 1680 1023 1737 Et

115 1778 274 1850 propterea,
296 1773 402 1848 inquit,
425 1773 561 1850 dereliqui
583 1774 690 1831 mmum
710 1792 804 1830 meane.
853 1773 893 1833 Et
914 1773 1021 1832 iterum

121 1868 192 1928 alibi
213 1868 292 1942 dicit,
320 1870 417 1942 Supra
438 1888 516 1945 quem
538 1869 689 1944 aperuistis
715 1888 743 1926 or
768 1874 895 1942 nubum,
921 1873 947 1927 rt
973 1871 1021 1928 ad-

120 1983 216 2025 uersus
228 1983 307 2041 quem
315 1963 463 2023 reiceretis
476 1963 584 2040 liupuni
596 1967 723 2024 currus?
746 1963 819 2022 Cum
829 1964 1018 2041 judicaretur,

121 2060 259 2120 scribitur
276 2059 412 2120 tacuisse.
452 2060 556 2118 Multae
570 2061 605 2118 de
624 2061 678 2118 hoc
698 2059 848 2135 scripturae
865 2064 1018 2120 testantur.

119 2156 159 2216 In
172 2155 295 2215 Psalmis
310 2154 425 2229 dicitnr,
440 2155 544 2214 Faetus
561 2176 621 2213 aum
638 2156 709 2213 sieut
728 2155 805 2214 hmo
823 2175 877 2213 uon
896 2157 1018 2230 auduus,

119 2256 147 2312 et
171 2271 227 2310 non
252 2249 351 2309 habeus
377 2251 409 2309 iu
435 2269 480 2310 are
506 2270 553 2308 auo
580 2251 787 2325 increpationes.
837 2250 877 2309 Et
902 2250 1018 2323 iterum,

120 2348 198 2424 Erpa
219 2352 350 2423 tauquam
369 2346 469 2405 enudus
488 2365 542 2403 uon
562 2345 712 2416 audiebam,
727 2349 754 2404 et
770 2345 841 2403 eieut
860 2350 953 2403 mutue
966 2365 1021 2405 non

120 2445 246 2519 maruno
272 2462 301 2501 or
327 2462 417 2502 suum.
465 2441 505 2500 Et
532 2441 640 2501 iterum
666 2442 740 2499 alins
766 2442 912 2518 Propheta
937 2442 1018 2516 dicit,

122 2540 204 2599 deaut
223 2558 309 2615 maus
329 2559 421 2598 eanum
436 2537 560 2597 tondente
580 2556 615 2610 ee,
631 2538 671 2594 eiu
690 2557 744 2595 nou
758 2538 869 2616 aperuit
888 2558 916 2596 oe
928 2558 1018 2598 suum.

119 2635 157 2694 Iu
170 2633 333 2693 humilitate
343 2634 487 2710 judicium
507 2633 563 2708 uiue
583 2630 721 2690 sublatum
740 2637 788 2690 eet.
830 2632 971 2709 Imposita
984 2633 1022 2692 Ei

119 2730 256 2791 scribitur
268 2749 371 2788 corona
388 2729 496 2806 spinea
539 2727 619 2787 Audi
633 2728 744 2802 dehoc,
760 2727 792 2785 in
806 2727 932 2787 canticis
946 2728 1020 2787 Can-

119 2827 252 2899 ticorum,
269 2844 355 2901 super
367 2824 552 2901 iniquitatem
564 2823 726 2882 Jerusalem
744 2822 876 2882 mirantis
889 2823 925 2881 de
942 2822 1021 2899 inju-

119 2921 164 2981 n'a
176 2920 247 2980 Filii
259 2919 317 2979 Dei
329 2919 424 2980 Patris
436 2939 544 2992 vocem,
560 2918 691 2992 dicentis,
706 2919 793 2976 Erite
807 2923 833 2975 et
845 2919 941 2988 uidete,
946 2917 1021 2994 filiu

118 3016 284 3090 Jerusalem,
300 3035 425 3076 cucuma
438 3035 494 3092 qua
513 3016 655 3075 emanavit
674 3034 735 3073 eum
754 3018 845 3073 matur
863 3033 920 3071 auu.
964 3013 1022 3072 Sed

117 3120 148 3176 et
171 3115 207 3174 de
229 3115 319 3192 spinis
342 3117 385 3175 itu
405 3113 480 3172 alius
502 3114 649 3190 Propheta
672 3115 881 3185 commemorat,
907 3113 951 3170 Et
973 3132 1020 3171 ea·

110 3210 225 3286 pectavi
236 3215 269 3268 ut
280 3211 389 3286 fuceret
402 3228 491 3282 uomu,
500 3210 574 3286 fucit
594 3212 685 3266 autem
698 3208 803 3283 opinus,
817 3211 844 3265 et
863 3226 918 3264 nou
928 3207 1020 3282 J'usti·

118 3305 190 3364 tiam
212 3305 260 3363 sed
281 3304 436 3364 alanorum.
477 3305 676 3364 Veruntamen
698 3307 734 3362 ut
755 3302 888 3381 mysterii
911 3305 1020 3361 secreta

100 3423 269 3484 cognoscas,
300 3409 455 3488 oportebat
482 3408 569 3484 Eum,
594 3406 648 3486 qui
672 3410 789 3485 peccata
814 3405 916 3466 mundi
939 3404 1022 3465 venit
